3074 4854
644 207 859 262 -55„-

261 375 368 449 Super
390 373 585 437 Salustium.
608 373 674 452 (Μ.)
719 374 788 433 Non
810 372 952 434 inmerito
976 374 1129 434 Salustius
1158 372 1322 434 sociandus

176 468 223 524 est
252 464 283 524 in
315 465 370 524 hoc
404 462 510 522 ordine
534 460 656 537 Tullio,
688 460 759 536 quia
790 460 887 538 ipsius
911 460 1008 521 Tullii
1039 460 1266 538 providentiam
1291 466 1322 521 et

176 551 367 628 prudentiam
399 555 506 609 contra
539 549 636 609 socios
665 547 818 608 Catilinae
848 547 925 607 satis
955 547 1073 608 iudicat
1105 548 1257 608 Salustius
1290 549 1321 608 in

176 638 256 698 libro
286 658 348 699 suo.
395 634 548 696 Salustius
579 635 637 695 iste
668 633 745 694 civis
779 638 845 694 erat
874 636 1031 695 Romanus
1066 634 1163 696 validi
1192 634 1320 712 ingenii,

177 725 321 785 bonorum
344 743 470 797 morum,
494 723 547 800 qui
563 726 684 782 coactus
704 722 892 799 reipublicae
904 720 1106 782 defensandae
1123 723 1203 782 sieut
1222 726 1344 782 ceterae

176 812 318 872 inventus
349 830 471 887 operam
502 810 584 885 dare,
609 808 872 869 contubernalium
907 829 1028 868 suorum
1057 808 1143 868 miris
1176 808 1322 869 vitiorum

176 899 308 958 offensus
334 897 505 958 excessibus
537 895 575 956 ad
605 896 702 956 ocium
734 900 766 954 et
791 894 981 955 scribendum
1011 917 1043 956 se
1065 895 1206 956 contulit.
1247 894 1322 956 Cum

176 985 275 1061 igitur
302 985 348 1043 illi
371 984 578 1060 imponeretur
601 1003 709 1043 nomen
733 981 871 1055 inertiae,
895 981 982 1059 qnasi
1010 983 1046 1043 de
1069 982 1168 1060 gradu
1193 981 1323 1042 militiae

177 1070 369 1131 descenderit
391 1090 452 1131 non
475 1068 618 1130 studendi
634 1071 683 1130 vel
706 1068 858 1129 scribendi
880 1069 1020 1130 utilitate
1049 1069 1101 1128 sed
1124 1068 1323 1129 delitescendi

177 1158 349 1235 pravitate.
383 1157 543 1234 prologum
571 1155 796 1216 excusatorium
828 1155 914 1232 operi
942 1177 994 1216 suo
1018 1156 1177 1234 praefixit,
1207 1160 1243 1215 ut
1269 1165 1360 1233 per10

176 1245 256 1305 huno
280 1250 311 1304 et
329 1243 449 1305 obiecta
462 1248 611 1321 purgaret
636 1248 666 1302 et
679 1243 776 1303 tutius
797 1249 828 1303 et
847 1243 1086 1320 praepollentius
1108 1263 1173 1303 esse
1194 1243 1323 1303 aliorum

178 1333 261 1392 facta
291 1331 422 1392 scribere
456 1350 545 1407 quam
576 1330 668 1390 factis
701 1329 860 1391 scribenda
892 1329 963 1389 aliis
991 1331 1161 1407 relinquere
1205 1329 1324 1391 demon·

178 1423 302 1478 straret.
340 1417 461 1478 Dicitur
484 1423 583 1476 autem
607 1417 796 1496 prologus
821 1423 852 1477 et
874 1421 944 1475 ante
966 1438 1029 1477 rem
1053 1423 1084 1477 et
1105 1421 1207 1495 preter
1229 1437 1301 1477 rem.

265 1505 304 1564 Β.
327 1503 505 1578 Quomodo?

264 1592 307 1651 Μ.
330 1592 413 1650 Ante
436 1611 499 1652 rem
524 1589 653 1667 quidem,
677 1591 730 1651 ubi
753 1611 898 1650 summam
921 1589 1019 1650 totius
1044 1589 1144 1668 operis
1168 1589 1322 1667 sequentis
1332 1601 1359 1643 15

178 1679 328 1751 enuntiat,
357 1683 479 1757 praeter
501 1698 572 1751 rem,
605 1697 672 1737 cum
694 1698 884 1755 nequaquam
907 1676 944 1737 de
966 1697 1054 1755 opere
1089 1676 1229 1754 sequenti
1256 1678 1323 1755 agit

178 1769 213 1823 ut
236 1765 287 1826 hic
311 1765 465 1825 Salustius
489 1764 579 1839 facit,
604 1765 768 1843 respondet
795 1763 875 1824 enim
898 1763 1083 1824 adversariis
1107 1764 1180 1825 suis,
1227 1764 1324 1824 Porro

178 1871 269 1911 causa
292 1851 474 1912 intentionis
508 1851 572 1911 eius
609 1851 641 1910 in
666 1852 721 1912 hoc
745 1851 874 1929 prologo
908 1858 955 1910 est
978 1851 1092 1911 iniuria
1115 1852 1254 1936 igrogata
1276 1849 1325 1911 de·

182 1938 385 2013 trabentium;
416 1959 520 1999 verum
552 1937 680 1998 materia
710 1938 807 2016 ipsius
835 1937 958 2020 prologi
987 1939 1122 1998 rationes
1145 1937 1218 1997 illae
1245 1942 1324 2010 sunt,

182 2025 292 2101 quibus
314 2046 377 2085 ase
393 2031 529 2086 removet
543 2044 651 2085 nomen
673 2025 811 2087 inertiae.
849 2025 886 2084 In
902 2026 957 2085 hoo
972 2045 1043 2085 vero
1064 2045 1154 2103 opere
1171 2024 1325 2084 Salustius
1335 2030 1361 2072 20

181 2112 317 2172 ordinem
351 2112 488 2173 servavit
520 2112 691 2172 naturalem
719 2112 869 2191 incipiens
906 2112 1043 2172 aLucio
1066 2111 1219 2186 Catilina,
1241 2113 1326 2172 cuius

181 2218 278 2259 mores
299 2200 482 2261 utbreviter
497 2198 641 2271 ostendit,
659 2198 814 2277 paulisper
831 2200 868 2258 ab
882 2198 1003 2276 incepto
1024 2198 1197 2276 digrediens
1222 2219 1326 2258 rursus

181 2284 219 2344 ad
240 2285 401 2347 historiam
425 2286 529 2359 rediit,
555 2285 587 2344 in
601 2287 736 2364 vprologo
756 2306 829 2346 vero
846 2293 878 2345 et
892 2307 923 2346 se
936 2291 1062 2346 excusat
1082 2291 1113 2346 et
1128 2285 1327 2346 commendat.

268 2372 306 2431 D.
330 2373 434 2436 Pauca
454 2372 580 2433 insolito
603 2393 685 2433 more
708 2374 740 2432 ia
764 2373 892 2433 materia
912 2373 1034 2451 prologi
1056 2370 1250 2451 praelibasti,
1273 2372 1326 2432 sed

181 2459 216 2518 de
239 2461 378 2536 sequenti
401 2481 490 2538 opere
514 2460 672 2520 materiam
696 2480 757 2520 non
780 2459 902 2521 dedisti.
1335 2464 1362 2506 2'0

266 2548 309 2606 Μ.
333 2546 506 2607 Materia
530 2546 661 2607 Salustii
683 2554 728 2608 est
741 2546 879 2607 Catilina
901 2567 967 2606 cum
988 2545 1080 2606 sociis
1102 2546 1165 2606 suis
1189 2546 1327 2607 coniura-

180 2631 266 2692 tione
288 2634 470 2712 praevalida
501 2633 742 2712 rempublicam
775 2633 1046 2712 impugnantibus3
1074 2653 1110 2692 ex
1143 2633 1198 2693 boc
1226 2632 1326 2711 operis

180 2717 227 2778 sui
258 2721 377 2799 accepit
407 2723 575 2794 materiam,
609 2720 688 2798 quod
712 2719 826 2781 civium
854 2720 1041 2799 perversitas
1064 2720 1205 2781 turbavit
1227 2720 1326 2780 locum

178 2806 337 2884 proprium
356 2813 387 2867 et
404 2808 548 2886 patriam.
583 2807 642 2867 Sed
661 2806 697 2867 de
712 2807 884 2867 intentione
904 2807 969 2867 eius
994 2805 1066 2884 quid
1083 2806 1196 2866 attinet
1214 2805 1326 2882 dicere,

179 2912 247 2952 cum
270 2893 307 2954 de
329 2895 418 2954 ruina
441 2895 575 2955 hostium
600 2893 759 2954 admodum
780 2894 937 2969 claruerit,
962 2893 1036 2971 quid
1055 2893 1196 2953 intendat
1219 2895 1362 2954 auctora

179 2979 211 3037 in
235 2981 292 3040 hoc
317 2980 428 3059 opere?

266 3067 305 3126 D.
329 3069 387 3128 Dio
412 3089 494 3146 ergo.

266 3155 308 3212 Μ.
330 3154 493 3216 Intentio
511 3153 576 3214 eius
594 3159 689 3214 estex
702 3153 944 3214 consideratione
958 3152 1064 3213 ruinae
1077 3155 1126 3213 vel
1139 3151 1326 3231 ignominiae

178 3238 281 3299 civilis
315 3241 412 3301 hostis
437 3241 591 3302 Catilinae
613 3241 823 3318 sociorumque
856 3240 919 3301 eius
944 3260 1078 3317 quosque
1109 3241 1262 3300 deterrere
1286 3242 1323 3300 ab

179 3379 492 3391 Ἤρ.

269 3449 281 3484 4
312 3444 383 3498 nach
401 3446 466 3498 ‘suo’
486 3444 561 3499 steht
577 3444 720 3498 nochmals
740 3444 799 3498 ‘elle'
820 3469 850 3489 =
870 3443 1010 3510 magister.
1062 3445 1092 3485 15
1124 3460 1239 3495 summa.

250 3516 279 3554 17
311 3515 456 3583 respondit.
676 3513 796 3582 arquod]
816 3531 877 3582 quo.
1059 3515 1088 3553 34
1121 3512 1251 3565 deterere.

180 3636 490 3646 —-—-.—--..-

325 3706 330 3721 '
436 3704 440 3714 ¹
490 3704 495 3713 ¹
560 3703 568 3733 l
611 3703 620 3732 S
659 3704 664 3713 “
785 3709 796 3719 ·’
826 3702 858 3731 ‚¹
911 3702 916 3712 ⁵

268 3702 471 3840 iiffdaiildirialdd
488 3702 981 3833 libidriickldwilioridiririisidldiirgrii'‚
1013 3776 1124 3848 ‘nomen¹
1143 3768 1264 3821 inertiae'
1293 3767 1325 3834 (s.

179 3844 264 3893 unten
282 3841 308 3894 Z.
329 3842 362 3894 20
380 3843 435 3894 und
453 3843 521 3895 oben
540 3859 574 3894 zu
593 3841 618 3895 S.
639 3842 679 3905 19,
700 3841 731 3894 13
749 3858 775 3908 g.
794 3840 849 3908 Μ),
878 3841 993 3894 ‘obiecta
1011 3839 1146 3907 purgavrt'
1173 3837 1238 3905 (vgl.
1258 3836 1327 3889 oben

180 3911 228 3975 26,
250 3910 291 3978 10)
311 3910 400 3964 baben
419 3914 504 3964 etwas
524 3910 799 3974 Schablonenhaftes;
828 3910 883 3976 vgl.
902 3909 1030 3962 indessen
1049 3906 1122 3971 Sall,
1148 3906 1214 3970 Cat,
1234 3923 1291 3975 cap.
1311 3905 1327 3957 3

179 3980 234 4032 und
252 3979 276 4032 4.
688 3985 715 4022 21
728 3980 783 4032 ord.
799 3980 869 4047 nat]
889 3995 910 4031 s.
931 3979 1000 4030 oben
1019 3994 1053 4029 zu
1072 3977 1113 4041 26,
1133 3977 1175 4029 21.

252 4049 294 4117 22]
314 4053 344 4102 ut
364 4073 394 4093 =
413 4049 554 4102 nachdem.
651 4109 653 4113 v
680 4048 833 4117 adgredi
853 4047 972 4114 gemeint
990 4046 1027 4100 ist
1046 4046 1112 4110 Cat,
1132 4062 1189 4114 cap.
1209 4043 1303 4097 6-13.

251 4117 394 4186 23excus.]
413 4118 469 4185 vgl.
488 4119 556 4172 oben
575 4119 616 4182 24,
636 4120 651 4171 5
670 4118 725 4170 und
744 4119 784 4181 52,
804 4118 827 4170 6.

253 4187 294 4256 34]
314 4187 413 4256 quique
431 4211 463 4233 =
483 4205 584 4251 omnes,
603 4187 640 4240 im
658 4186 835 4240 mittelalterl.
855 4185 951 4239 Latein
969 4184 1075 4252 hauiig;
1094 4183 1149 4250 vgl.
1170 4183 1209 4247 54,
1229 4182 1270 4235 30.
