3074 4854
678 186 890 242 ..50-

297 354 340 411 M.
363 353 485 429 Dicam3
509 354 661 430 generalis
685 355 816 413 humana
840 353 961 414 miseria
984 358 1031 412 est
1053 358 1152 412 totum
1175 352 1254 428 quod
1277 357 1360 412 recte

210 440 349 500 volumus
373 459 427 500 nec
451 441 594 500 habemus
617 461 671 501 nec
692 441 843 502 interdum
867 460 1040 520 possumus;
1069 445 1201 499 ceterum
1225 440 1358 499 maxima

211 527 244 586 in
268 527 323 585 hac
343 527 411 587 vita
433 526 566 587 hominis
589 528 711 588 miseria
733 538 781 588 est
802 526 980 606 ignorantia
993 526 1058 588 veri
1080 526 1153 586 boni
1177 530 1207 585 et
1224 526 1357 589 diversis

212 613 404 692 passionibus
439 614 603 691 exagitari.
659 615 825 675 Utilitas
855 622 909 687 est,
945 621 979 674 ut
1011 614 1094 675 ducti
1126 614 1193 690 lege
1225 614 1357 674 rationis

190 714 357 779 aprospera
387 706 417 760 et
450 700 579 761 adversa
613 703 763 778 equaliter
790 702 963 762 estimemus
993 708 1022 762 et
1052 701 1090 760 ad
1119 702 1182 760 veri
1207 700 1293 772 boni,
1321 706 1356 759 ut

212 788 296 848 beati
327 807 391 847 esse
422 787 589 865 possimus,
622 790 793 867 appetitum
823 790 1011 849 festinemus.
1057 787 1187 847 Ethioae
1215 789 1356 866 subponi·

212 879 277 949 tur,
302 874 374 951 quia
404 874 483 934 nihil
510 876 609 952 magis
631 876 767 954 pertinet
790 877 827 935 ad
850 878 945 936 bonos
969 894 1066 935 mores
1091 894 1179 950 quam
1203 874 1356 934 hominem

211 962 327 1020 iustum
360 981 454 1021 unum
483 967 514 1021 et
546 963 624 1022 idem
654 984 718 1023 esse
748 964 780 1023 in
815 965 872 1024 hac
899 983 997 1023 rerum
1030 960 1240 1021 mutabilitate
1264 963 1355 1021 etad

212 1049 320 1108 summi
344 1048 416 1107 boni
438 1049 669 1124 perfruitionem
687 1070 861 1128 properare.
900 1048 1038 1125 Denique
1061 1047 1166 1108 modus
1189 1048 1262 1107 talis
1286 1069 1359 1109 con-

177 1134 389 1195 rosiderandus
421 1146 467 1194 est
494 1136 525 1194 in
551 1137 605 1197 hoc
629 1157 732 1215 opere:
766 1137 923 1198 inducitur
955 1136 1034 1196 enim
1058 1142 1092 1195 ut
1116 1135 1207 1194 miser
1230 1136 1355 1196 Boetius

212 1242 398 1300 conquerens
422 1221 458 1281 de
481 1243 535 1282 sua
558 1224 696 1296 miseria,
719 1224 828 1284 deinde
852 1224 984 1301 qualiter
1007 1223 1035 1282 ei
1058 1221 1236 1299 apparuerit
1259 1223 1355 1300 philo-

212 1310 329 1388 sophia,
348 1308 480 1385 qualiter
494 1311 650 1388 passiones
670 1312 708 1371 ab
733 1333 766 1372 eo
790 1316 941 1385 amoveat,
966 1309 1112 1387 quomodo
1128 1329 1231 1368 verum
1245 1311 1355 1370 bonum

212 1397 331 1475 potenti
354 1397 473 1456 ratione
493 1397 678 1458 demonstret
701 1403 732 1458 et
755 1399 926 1477 appetitum
950 1397 1014 1457 eius
1037 1396 1232 1474 persuadeat.
1279 1397 1355 1456 Tres

212 1488 313 1543 autern
337 1503 354 1542 a
378 1483 484 1544 Boetio
512 1485 699 1545 inducuntur
720 1505 879 1564 personae:
910 1485 1034 1544 Boetius
1057 1483 1149 1542 miser
1171 1503 1298 1560 querens
1321 1492 1357 1542 ut

176 1583 201 1622 15
212 1572 399 1643 consoletur,
428 1570 624 1649 philosophia
652 1592 728 1648 quae
750 1573 940 1647 consolatur,
964 1570 1090 1630 Boetius
1114 1576 1220 1629 auctor
1244 1571 1296 1647 qui
1319 1571 1358 1630 de

211 1657 349 1735 utrisque
372 1657 516 1734 loquitur.
552 1660 611 1719 Est
630 1659 709 1718 enim
729 1660 864 1720 officium
885 1659 950 1719 eius
967 1657 1133 1730 ostendere,
1156 1656 1228 1733 quid
1246 1658 1356 1717 misero

211 1743 272 1805 sibi
293 1744 460 1822 contigerit
487 1750 518 1804 et
541 1745 629 1822 quasi
652 1747 860 1807 consolatione
883 1745 1096 1826 philosophiae
1124 1749 1356 1821 conquerentem

211 1832 352 1894 erexerit.
400 1832 494 1891 Porro
519 1838 625 1892 auctor
651 1834 712 1893 iste
744 1834 885 1894 imitatur
913 1834 945 1892 in
976 1833 1031 1892 hoc
1055 1852 1144 1909 opere
1167 1832 1354 1891 Marcianum

212 1919 345 1978 Felicem
377 1918 535 1996 Capellam
566 1920 598 1979 in
626 1921 775 1997 poematis
807 1941 929 2000 genere,
969 1920 1021 1997 qui
1053 1918 1200 1978 describit
1229 1919 1354 1996 nuptias

176 2017 204 2059 a)
212 2005 356 2066 Mercurii
372 2005 604 2085 etPhilologiae
616 2027 695 2068 nunc
710 2010 849 2086 prosaice
862 2027 940 2068 nunc
954 2028 1028 2085 opus
1044 2025 1194 2083 exequens
1203 2007 1354 2079 versifice;

212 2093 261 2152 hic
285 2099 385 2152 autem
398 2093 532 2152 Boetius¹
549 2094 720 2171 elegantius
744 2096 879 2174 scripsit,
903 2095 954 2172 qui
978 2094 1088 2154 necin
1112 2112 1204 2170 prosa
1225 2092 1356 2153 inferior

212 2177 315 2239 Tullio
337 2198 391 2238 neo
414 2180 446 2238 in
470 2186 566 2241 metro
590 2182 734 2260 Virgilio.
770 2183 873 2243 Habet
891 2189 990 2242 autem
1016 2181 1047 2240 in
1071 2200 1105 2239 eo
1128 2179 1228 2239 locum
1250 2199 1355 2240 conso·

211 2267 307 2326 latrix
321 2266 526 2344 philosophia,
544 2267 615 2345 quia
629 2269 788 2346 praeditus
804 2269 935 2330 scientia
951 2267 1191 2346 desperationem
1210 2269 1356 2326 turbatus

210 2373 270 2413 non
303 2353 412 2413 incidit
438 2360 469 2414 et
503 2360 664 2434 gratanter
694 2358 865 2417 consolanti
888 2358 937 2416 vel
960 2355 1081 2415 docenti
1109 2352 1210 2414 cordis
1239 2360 1353 2414 motum

174 2439 382 2500 25inclinavit.

295 2527 334 2586 l).
357 2526 571 2588 Admiratione
594 2529 720 2608 dignum
743 2529 867 2590 videtur
890 2530 970 2606 quod
986 2529 1036 2591 vir
1058 2530 1118 2590 iste
1140 2534 1223 2590 totus
1248 2527 1352 2586 catho-

209 2614 285 2675 licus
302 2613 471 2675 Fortunam
487 2616 603 2676 tociens
622 2617 654 2676 in
674 2618 733 2678 hoc
756 2637 845 2695 opere
867 2618 956 2695 ponit
978 2624 1009 2677 et
1032 2616 1218 2677 testimoniis
1239 2614 1353 2674 divinis

209 2701 330 2761 literam
355 2702 526 2780 elegantem
549 2724 676 2763 vacuam
699 2704 842 2766 ostendit.
1301 2772 1306 2785 ,

295 2789 337 2848 Μ.
361 2789 461 2849 Huius
491 2791 535 2849 rei
566 2810 656 2851 causa
684 2797 732 2851 est
761 2797 792 2851 et
821 2791 920 2871 prima
943 2790 1063 2869 quidem
1095 2790 1174 2867 quod
1197 2789 1250 2867 qui
1272 2789 1357 2848 inter

174 2875 311 2935 ahostes
340 2876 483 2936 veritatis
516 2881 711 2950 versabatur,
743 2879 770 2938 si
801 2878 986 2938 testimoniis
1017 2877 1188 2956 scripturae
1216 2877 1354 2953 cingeret

209 2981 284 3040 opus
309 2962 388 3039 quod
411 2963 544 3040 fecerat,
575 2966 799 3026 incredulorum
829 2965 953 3026 malicia
976 2966 1167 3025 combureret
1190 2962 1269 3042 quod
1292 2982 1353 3022 non

298 3158 308 3192 1
342 3152 393 3205 lies
413 3152 460 3205 ‘in
478 3153 596 3206 totum'?
738 3155 780 3223 11]
800 3156 932 3224 apparuit.

282 3226 310 3262 14
342 3222 393 3275 lies
413 3222 584 3290 quaerens?
739 3225 876 3277 lamisem
896 3222 947 3278 sibi
965 3222 1075 3291 contig.]
1095 3223 1211 3277 miseros
1230 3225 1300 3276 cont.

280 3292 397 3359 17quasi
416 3291 500 3360 cons]
519 3291 570 3345 lies
589 3296 651 3360 ‘qua
670 3310 699 3344 se
718 3294 902 3346 consolatione
921 3293 1123 3363 philosophia?

281 3360 322 3429 19]
341 3360 428 3413 felice.
735 3363 926 3432 24gr‘atanter]
946 3367 1080 3429 gratante.

297 3552 337 3604 lf.
356 3553 512 3622 necteret]
531 3553 587 3620 vgl.
606 3553 777 3607 Romerbrief
794 3557 817 3618 7,
838 3556 947 3607 15-21.

296 3622 321 3690 8]
340 3622 606 3688 Augustinus
632 3623 664 3675 de
690 3629 782 3690 quant.
814 3642 868 3688 an„
894 3625 986 3690 lligne
1018 3625 1062 3688 3⁶2,
1090 3624 1169 3677 1076:
1200 3637 1269 3692 quac
1298 3622 1354 3674 sint

207 3689 322 3756 poradta,
342 3707 410 3757 qaae
424 3692 577 3760 perfractio
594 3693 692 3744 curarant
710 3698 735 3744 et
753 3694 810 3746 cart
829 3695 900 3758 boni,
920 3696 997 3746 critica
1009 3694 1163 3746 aerem'tctia
1176 3701 1255 3762 atque
1269 3699 1352 3746 aeter-

209 3760 305 3813 nitatis
324 3762 443 3828 afilotaa.
462 3761 529 3827 qiud
548 3777 595 3826 cqc
613 3760 724 3814 sticum?

279 3831 321 3898 19]
340 3829 413 3882 vita
430 3830 443 3881 Ι
462 3830 608 3884 Boethii
632 3831 685 3884 bei
710 3830 838 3900 Peiper
862 3850 886 3901 p.
906 3832 997 3885 XXXI
1016 3833 1081 3901 (und
1099 3832 1156 3885 fast
1173 3833 1272 3885 ebensc
1292 3831 1351 3897 T¹):
1409 3879 1414 3893 ,

207 3897 332 3952 inritatus
359 3899 481 3952 virlelr'oet
505 3901 685 3953 lllorcioncm
709 3900 828 3954 Felicem
854 3903 1006 3969 capellam,
1035 3903 1083 3968 (μα’
1106 3903 1187 3969 priua
1212 3902 1295 3954 libros
1319 3899 1351 3951 de

206 3969 312 4035 recaptir'a
330 3968 498 4037 Pla'loloqice
517 3975 541 4022 et
559 3969 696 4022 Mercurii
714 3971 805 4023 eodem
824 3975 909 4038 specio
925 3974 1057 4039 poematia
1075 3972 1285 4039 con-scripserat,
1304 3968 1353 4020 sal

207 4036 257 4089 iate
277 4039 352 4107 lonqe
370 4039 501 4092 nobiliore
519 4040 635 4092 tractoria
657 4046 681 4092 ct
701 4040 838 4103 facttudt'o
857 4041 903 4109 [ei]
925 4042 1079 4108 praecellit,
1106 4041 1207 4109 qrcrppc
1233 4039 1280 4108 qui
1306 4052 1353 4091 aec

207 4105 459 4230 gcghngffiproac
487 4124 532 4162 uec
561 4109 679 4178 Virgilio
704 4111 734 4162 in
759 4115 841 4162 vactro
868 4110 980 4175 inferior
1002 4111 1112 4177 (lorait3
1142 4111 1197 4176 vgl.
1222 4110 1280 4163 vita
1304 4107 1352 4170 lV,
