3074 4854
643 234 892 291 -77-.

176 402 386 463 mentationem
413 400 642 462 conclusionem.
687 402 790 461 Prima
823 403 901 461 enim
933 401 1058 460 istarum
1088 396 1231 458 auditoris
1255 398 1318 456 ani-

175 510 257 548 mum
287 497 447 568 provocat,
481 487 613 547 secunda
638 508 685 548 res
707 498 806 567 gestas
829 487 977 566 explicat,
1006 485 1093 545 dictis
1115 484 1203 544 fidem
1226 485 1318 544 tercia

174 576 255 649 facit,
278 584 386 654 quarta
407 575 465 634 tria
486 574 651 653 praemissa
673 574 834 635 concludit.
865 574 1025 634 iuncturas
1048 573 1138 632 etiam
1158 571 1316 631 verborum

175 672 204 722 et
229 663 445 722 sententiarum
473 660 584 738 figuras
617 661 757 721 studiosis
792 660 955 721 rethoricae
987 659 1127 720 convenit
1155 657 1316 730 advertere,

174 750 368 829 proprietates
390 767 487 806 rerum
510 746 704 806 dicendarum
723 747 791 808 stilo
806 760 971 826 temperare
985 755 1015 807 et
1028 745 1203 826 hyperbata,
1225 743 1317 803 dubia
1339 757 1354 798 s

175 856 292 915 quoque
325 835 435 906 vitare,
469 832 568 893 verbis
598 833 739 894 brevibus
774 835 951 895 senteutiam
981 853 1042 892 non
1072 831 1233 892 obscurare
1263 850 1317 890 nec

174 922 300 1002 prolixis
331 919 476 980 tediosam
497 920 627 980 reddere.
671 920 764 981 Porro
785 920 1039 981 dialecticam
1062 917 1203 999 professis
1225 916 1317 995 depu-

175 1019 255 1067 tatur
284 1007 526 1066 introductoriam
550 1007 682 1085 quinque
704 1027 801 1066 rerum
824 1028 875 1067 seu
898 1028 1006 1068 vocum
1030 1005 1226 1066 subtilitatem
1248 1023 1316 1063 eno-

174 1095 254 1165 dare,
278 1094 377 1153 decern
401 1093 596 1152 essentiarum
620 1093 697 1154 idest
718 1094 1028 1172 praedicamentorum
1052 1101 1176 1152 naturas
1199 1099 1229 1151 et
1250 1110 1316 1169 pro-

174 1181 315 1260 prietates
338 1190 367 1239 et
388 1179 571 1239 differentias
594 1179 740 1258 colligere,
765 1180 957 1241 diffinitiones
980 1180 1109 1239 nominis
1133 1188 1163 1239 et
1182 1176 1267 1237 verbi
1288 1189 1317 1236 et
1328 1186 1354 1230 10

175 1265 366 1327 diffinitiones
395 1267 631 1345 propositionum
659 1277 722 1326 tam
752 1288 881 1326 unarum
904 1287 994 1346 quam
1017 1264 1229 1344 multiplicium
1253 1265 1317 1324 sive

175 1354 264 1414 etiam
278 1352 441 1412 modalium
456 1373 633 1431 percurrere,
657 1353 898 1432 sillogisticorum
915 1354 1026 1433 figuras
1042 1353 1195 1413 modorum
1213 1359 1317 1411 contra

175 1439 378 1500 cavillatorias
408 1439 586 1518 sophisticae
616 1440 796 1520 deceptionis
827 1442 959 1520 argutias
981 1439 1120 1518 vigilanti
1145 1439 1242 1499 studio
1265 1437 1316 1497 ad·
1387 1494 1391 1503 ,

102 1536 105 1542 ’
174 1536 300 1599 vertere,
330 1527 509 1586 divisionum
541 1527 735 1605 proprietates
758 1539 787 1587 et
809 1527 1038 1606 discrepantias,
1068 1525 1200 1586 locorum
1222 1524 1315 1604 parti-

173 1613 283 1673 tionem
305 1612 454 1685 bifariam,
480 1613 611 1691 partium
633 1604 866 1674 subdivisionem
891 1613 1094 1692 multiplicem,
1124 1611 1315 1672 subdividen-
1325 1622 1353 1664 15

172 1700 248 1759 tium
274 1700 473 1759 continentias
496 1709 526 1759 et
548 1699 752 1759 distinctiones
776 1700 894 1761 occulta
917 1701 1017 1760 rimari
1040 1699 1205 1778 diligentia.
1248 1697 1314 1757 Illis

173 1806 243 1846 vero
270 1786 321 1864 qui
352 1785 528 1864 profitentur
551 1787 833 1864 grammaticam
856 1788 996 1847 convenit
1018 1787 1098 1847 vocis
1122 1785 1314 1845 diffinitiones

174 1892 242 1931 cum
272 1872 402 1932 eiusdem
436 1872 615 1950 proprietate
648 1872 758 1952 regulis
794 1873 960 1946 includere,
995 1873 1148 1933 literarum
1182 1872 1314 1932 ordinem

173 1978 330 2018 numerum
353 1958 561 2018 similitudines
583 1960 816 2038 permutationes
840 1960 1029 2020 transitiones
1052 1980 1119 2019 cum
1136 1958 1313 2019 sillabarum

172 2045 401 2124 proprietatibus
427 2065 610 2124 cognoscere,
632 2047 763 2125 partium
786 2047 928 2106 orationis
948 2047 1109 2106 divisiones
1124 2044 1312 2124 multiplices,
1323 2052 1351 2095 20

172 2131 292 2210 regulas
319 2131 531 2204 multiformes,
561 2152 629 2193 cum
659 2133 824 2193 earundum
853 2133 1039 2193 ordinatione
1062 2152 1224 2211 congruam
1247 2152 1311 2210 pcr-

171 2217 340 2296 fectamque
373 2219 551 2279 sententiam
584 2219 801 2293 demonstrare,
843 2240 955 2299 magna
987 2219 1111 2280 rationis
1145 2217 1312 2278 subtilitate

172 2304 337 2383 complecti.

258 2392 297 2450 Ι).
330 2390 398 2450 Etsi
420 2391 497 2450 vires
527 2390 637 2470 ingenii
660 2393 717 2451 mei
740 2392 952 2453 subtilissimae
974 2393 1063 2452 trium
1086 2391 1310 2470 disciplinarum

170 2477 295 2537 istarum
322 2477 451 2537 rationes
479 2479 637 2551 excedant,
668 2479 753 2540 adice
782 2488 882 2539 tamen
905 2479 1029 2541 trivio
1052 2478 1204 2558 quadru
1215 2480 1310 2539 vium
1320 2486 1348 2528 25

171 2564 250 2643 quod
272 2573 372 2637 restat,
395 2564 467 2643 quia
490 2564 567 2625 sicut
585 2566 663 2644 ignis
686 2566 800 2627 metalli
822 2566 982 2627 cuiuslibet
1003 2565 1141 2626 dissolvit
1155 2564 1309 2631 duriciam.

171 2653 213 2710 sic
235 2650 352 2729 legendi
377 2649 476 2710 fervor
498 2660 528 2711 et
550 2653 681 2713 studium
704 2655 842 2732 quamvis
865 2653 958 2712 durae
981 2653 1073 2713 menti
1096 2652 1311 2712 sumministrat

171 2736 408 2816 intelligentiam.

258 2825 301 2882 M.
325 2825 429 2884 Artem
451 2824 691 2885 mathematicam
714 2826 789 2886 idest
807 2826 1002 2886 doctrinalem
1020 2827 1173 2888 scientiam
1189 2826 1311 2887 eruditis

171 2910 311 2970 convenit
339 2910 538 2971 intellectibus
570 2912 690 2983 intueri,
721 2933 812 2991 quam
845 2923 974 2992 quatuor
996 2913 1116 2991 quidem
1139 2913 1348 2973 distinctam³0

258 3049 271 3088 5
282 3018 445 3116 hyperbata]
450 3019 586 3116 perbata.

171 3168 351 3251 assertionjbu
360 3185 364 3198 ·
373 3169 495 3248 (Konrad
511 3168 560 3248 hat
576 3167 625 3248 das
642 3168 760 3221 seltnere
770 3168 850 3247 Wort
864 3171 973 3223 ‘essert'
986 3169 1072 3223 durch
1084 3168 1179 3222 ‘dictis’
1191 3168 1310 3237 ersetzt),

170 3243 270 3348 qmntcd
282 3244 468 3375 thlelditdbld?
479 3244 626 3369 ddallinll)
638 3239 917 3360 Clddpdbbdddhrieben
943 3307 982 3359 ‘de
1001 3307 1139 3361 trinetatis
1156 3307 1311 3368 cerbornm',

168 3375 202 3439 ll,
222 3376 253 3428 21
275 3376 315 3427 ‘de
332 3376 430 3444 timeris
448 3376 587 3429 000000οι0
611 3381 636 3429 et
653 3377 866 3440 sententiurnm'3
891 3377 919 3429 in
942 3377 974 3441 ΙΙ,
994 3378 1036 3440 20,
1062 3378 1074 3430 1
1098 3376 1166 3429 wird
1188 3393 1242 3429 von
1265 3376 1314 3428 der

166 3444 334 3513 proprietas,
365 3477 399 3484 —
426 3447 458 3510 Il,
478 3446 518 3508 20,
538 3446 554 3498 2
576 3463 631 3497 von
649 3445 701 3498 den
718 3446 882 3512 hyperbato,
910 3464 964 3499 von
987 3447 1153 3513 arnbtpnitns
1177 3444 1312 3514 (Konrad:

169 3514 340 3581 dubiatund
354 3515 537 3582 perissologia
555 3514 661 3583 (Konr.:
684 3515 793 3583 prolix.)
818 3515 979 3581 gehandelt,
1000 3546 1030 3554 -
1055 3517 1083 3568 in
1106 3516 1138 3580 Il,
1163 3515 1203 3579 20,
1224 3514 1239 3566 3
1257 3532 1312 3566 von

168 3583 308 3636 brevitatis
325 3583 447 3637 studium
465 3584 526 3653 (K.:
545 3584 619 3636 verb.
638 3583 732 3649 brea).

258 3653 298 3705 71.
331 3653 451 3717 isidor,
471 3671 508 3706 or.
527 3653 560 3715 ΙΙ,
580 3654 613 3705 22
631 3653 669 3706 ist
686 3653 895 3706 iiberschrieben
915 3653 954 3705 ‘de
974 3653 1141 3716 dialectico';
1165 3653 1202 3716 ΙΙ,
1226 3652 1271 3717 26,
1296 3653 1313 3704 5
1362 3682 1365 3687 >

168 3721 206 3774 ist
223 3740 277 3774 von
295 3740 347 3774 ten
365 3723 397 3775 10
415 3722 636 3790 praedicamenta
654 3722 697 3791 (=
716 3722 891 3791 Kategorien)
912 3723 954 3776 die
971 3723 1053 3776 Rede.

240 3790 282 3858 ²9]
300 3791 388 3855 lsid,
409 3810 446 3845 or.
456 3793 495 3845 ΙΙΙ
507 3792 596 3860 praef:
606 3791 795 3844 mathematica
806 3793 892 3845 latiae
902 3791 1006 3844 dicitur
1016 3791 1177 3845 doctrinalis
1188 3790 1310 3844 scientio.

240 3860 320 3928 30ff.]
339 3860 510 3923 Boethius,
529 3860 695 3913 Arithmetik
714 3859 740 3914 S.
751 3862 774 3925 9,
794 3863 810 3914 5
828 3862 855 3914 ff.
875 3861 915 3914 ed.
935 3861 1082 3915 Friedlein:
1102 3861 1313 3915 0100000000-

168 3929 265 3990 dinem,
285 3944 354 3997 0000
369 3946 420 3997 per
438 3946 464 3982 se
482 3936 528 3993 cst,
548 3931 1048 3999 00010001ίο00000010100000000000,
1068 3931 1224 3995 illomccro,
1244 3945 1313 3998 quae

168 3998 204 4051 od
223 3998 340 4066 nliqm'd,
359 4000 455 4052 rnrtsici
473 3998 666 4052 modulaminis
684 4005 893 4066 ternpernmcnto
904 4006 1077 4068 pernoscunt,
1096 4000 1240 4053 immobilis
1250 4013 1312 4052 0000

167 4067 367 4136 0000000003
384 4069 531 4134 00000000
550 4069 675 4120 rastitium
690 4069 843 4136 pollicetur,
867 4070 972 4122 ineditis
990 4085 1051 4122 uero
1068 4070 1208 4123 scientiam
1226 4074 1311 4121 ostro·

167 4138 287 4190 0000οιιο
298 4137 571 4206 discipiiuoeperitio
583 4137 716 4191 vendicat.
736 4138 815 4192 Auch
833 4139 926 4205 Hugo
946 4140 983 4192 de
997 4139 1022 4192 S.
1034 4139 1172 4193 Victore
1191 4138 1313 4193 schreibt

168 4206 241 4260 diesc
259 4206 471 4260 Boethiusstellc
490 4225 547 4272 aus,
567 4207 660 4274 lligne
680 4208 736 4273 176,
757 4209 806 4260 755
827 4208 892 4274 (vgl.
912 4208 1051 4277 001809).
