3074 4854
693 207 895 265 ..64-

233 379 333 457 ipsius
357 379 447 438 lactis
471 377 690 438 nutrimentum
714 377 793 453 qnod
816 377 900 453 sugis
924 397 960 435 ex
983 378 1081 455 poetis
1110 379 1228 438 occasio
1251 378 1312 438 tibi
1334 380 1375 440 sit

233 465 327 525 solidi
350 466 412 524 cibi
444 465 523 524 idest
546 464 683 525 lectionis
713 463 843 528 altioris.
890 463 1040 540 Equidem
1072 465 1215 524 secularis
1247 466 1374 526 scientia

232 553 415 630 sapientiam
439 552 653 628 quaerentibus
677 551 722 609 ita
746 557 793 610 θεῖ
816 550 971 621 intuenda,
995 557 1037 620 ut,
1061 552 1154 629 siqui
1175 551 1287 629 gradus
1309 574 1374 632 pro·

233 640 365 700 factunm
386 638 587 698 communium
611 640 642 697 in
665 638 766 697 verbis
790 638 855 696 sive
878 639 1039 698 sententiis
1062 639 1094 697 in
1118 659 1152 698 ea
1174 639 1375 716 reperiuntur,

209 726 311 785 eunde
333 727 389 785 illa
412 746 488 802 quae
517 730 728 784 sursumsunt
751 723 903 802 sapientia
926 724 1037 784 fortius
1062 725 1285 804 apprehendat,
1314 747 1374 786 non

233 813 413 872 omnimodis
436 817 638 890 respuantur,
672 812 724 871 sed
753 813 784 870 in
813 811 861 869 his
885 810 1003 870 animus
1027 816 1089 870 tam
1113 812 1165 873 diu
1189 819 1374 884 exerceatur,

233 900 327 960 donec
351 899 430 976 quod
453 919 507 977 per
530 919 594 958 eam
618 898 776 976 quaeritur
806 898 991 960 inveniatur.
1038 898 1126 958 Sicut
1150 901 1229 960 enim
1253 906 1375 960 anetum

233 986 366 1047 conditis
390 987 466 1046 escis
490 992 520 1045 et
544 985 732 1063 consumptis
755 984 918 1063 proicitur,
948 985 992 1044 sic
1014 987 1148 1063 peractis
1172 987 1203 1046 in
1228 987 1376 1047 studenti·

234 1075 289 1133 bus
321 1073 432 1133 officiis
465 1073 528 1132 suis
559 1072 705 1132 secularis
741 1071 886 1143 scientia,
921 1091 957 1132 nc
988 1071 1123 1132 divinam
1157 1071 1323 1152 impediat,
1359 1095 1376 1133 a

196 1168 224 1210 10
233 1159 426 1238 spiritalibus
450 1159 562 1218 studiis
586 1163 773 1218 amoveatur.
819 1158 922 1235 Igitur
945 1158 1070 1218 Oratius
1093 1161 1375 1239 perspicacissimus

234 1247 265 1306 in
289 1251 408 1306 tantum
422 1247 589 1324 profecisse
613 1245 819 1322 cognoscitur,
843 1250 958 1305 utnon
982 1247 1078 1305 solum
1096 1247 1207 1307 multos
1227 1250 1276 1307 sui
1299 1254 1375 1308 tem-

233 1334 317 1412 poris
340 1339 446 1411 poetas
470 1332 619 1411 poematis
640 1332 805 1392 nobilitate
828 1332 1034 1410 praecederet,
1058 1333 1110 1392 sed
1133 1333 1226 1393 etiarn
1250 1335 1375 1414 scriptis

234 1426 264 1480 et
287 1420 439 1480 scribendi
453 1420 625 1498 praeceptis
641 1420 788 1497 plurimos
812 1418 851 1476 ad
863 1425 978 1478 rectam
1000 1420 1152 1480 scribendi
1171 1423 1309 1498 regulam
1332 1423 1377 1482 in-

235 1507 393 1580 formaret,
425 1513 455 1566 et
483 1508 538 1567 hoc
561 1505 831 1586 pernecessarium:
863 1505 954 1566 multi
977 1506 1057 1565 enirn
1087 1509 1216 1586 professi
1239 1509 1377 1587 poeticae

197 1594 311 1653 nauis
334 1594 492 1654 scientiam
526 1600 557 1653 θῖ
588 1592 740 1653 scribendi
773 1592 893 1652 modum
916 1594 1094 1671 ignorantes
1117 1595 1216 1673 operis
1248 1597 1294 1655 sui
1318 1618 1378 1655 ma-

233 1681 343 1741 teriam
373 1682 498 1741 confuso
532 1679 638 1741 ordine
668 1677 895 1753 decolorabant,
929 1680 1101 1740 medietatis
1125 1702 1159 1741 ac
1182 1682 1252 1742 finis
1275 1703 1377 1744 conse-

235 1767 389 1845 quentiam
421 1767 466 1827 sic
494 1773 667 1827 avertentes
701 1766 905 1845 aprincipio,
936 1774 971 1826 ut
1008 1774 1106 1828 toturn
1138 1789 1246 1847 corpus
1277 1771 1378 1848 operis

234 1859 352 1915 teneret
364 1874 424 1913 non
439 1854 512 1915 ordo
527 1854 693 1932 legitimus,
705 1853 757 1912 sed
770 1854 917 1914 confusio.
949 1854 1075 1913 Oratius
1091 1855 1190 1932 igitur
1206 1856 1378 1917 admonitus

235 1947 266 2002 et
289 1950 414 2018 rogatus
438 1962 455 2000 a
479 1942 607 2018 quodam
631 1941 727 2000 amico
750 1959 803 1999 sno
824 1941 934 2001 Pisone
953 1940 1135 2020 philosopho
1159 1949 1190 2002 et
1212 1943 1285 2002 filiis
1307 1945 1378 2014 suis,

199 2033 271 2087 20ut
294 2029 427 2106 aliquam
450 2035 532 2088 recte
554 2027 706 2088 scribendi
729 2046 865 2087 normam
885 2028 1105 2106 scriptionibus
1129 2029 1191 2088 suis
1208 2050 1285 2090 novo
1308 2051 1379 2109 quo·

236 2116 303 2176 dam
328 2136 438 2194 genere
461 2116 645 2187 ostenderet,
680 2115 874 2191 generalibus
897 2134 970 2174 usus
993 2120 1040 2174 est
1061 2115 1228 2188 institutis,
1258 2117 1289 2176 in
1313 2120 1379 2196 ipsa

236 2202 335 2280 operis
368 2203 414 2261 sui
447 2201 548 2262 fronte
578 2202 709 2280 quadam
741 2203 968 2279 comparatione
999 2201 1225 2262 irrationabilis
1248 2206 1379 2266 monstri

237 2289 352 2349 vitiosa
373 2295 515 2367 poemata
530 2289 673 2367 detegens
689 2293 719 2347 et
732 2287 898 2366 dampnans
920 2307 995 2366 opus
1013 2286 1117 2347 debito
1135 2309 1240 2349 carens
1262 2292 1377 2367 ordine,

237 2376 290 2435 ubi
311 2377 435 2454 pulcrae
466 2376 613 2436 materiae
644 2375 817 2454 propositae
839 2394 1022 2452 consequens
1055 2377 1274 2436 sententiarum
1304 2379 1377 2439 ordo

200 2465 296 2522 -25non
319 2463 522 2541 responderet,
545 2465 632 2522 velut
654 2462 681 2521 si
706 2461 840 2521 membra
863 2461 976 2539 capitis
1001 2462 1125 2521 humani
1153 2463 1257 2524 formis
1282 2466 1378 2526 variis

238 2549 415 2609 animalium
439 2550 627 2610 diversorum
660 2549 691 2607 in
719 2569 750 2608 se
773 2549 901 2626 receptis
927 2547 1026 2607 solida
1055 2549 1198 2609 iunctura
1229 2571 1288 2611 uon
1312 2573 1379 2613 con-

238 2641 365 2695 starent.
409 2636 459 2696 Ad
490 2657 580 2715 quam
608 2636 768 2695 formulam
803 2635 982 2695 somniantis
1017 2636 1082 2712 egri
1105 2657 1200 2697 vanas
1230 2637 1379 2721 imagines

238 2728 395 2800 coaptasse
410 2724 541 2796 videtur,
561 2724 614 2801 qui
633 2743 733 2782 rerum
752 2722 955 2800 corporalium
973 2721 1159 2800 imaginaria
1173 2725 1379 2788 ludificatione

238 2810 429 2869 dementatus
461 2811 515 2870 hoc
548 2816 639 2888 putat
670 2829 733 2869 esse
756 2810 899 2869 veritatis
921 2809 1000 2886 quod
1033 2816 1079 2868 θεῖ
1106 2811 1265 2873 vanitatis.
1311 2813 1379 2885 Qua

199 2896 439 2956 3⁰similitudine
462 2903 592 2956 mentem
616 2896 729 2956 solidae
754 2897 900 2956 scientiae
924 2896 974 2956 vel
995 2897 1134 2975 poeticae
1157 2899 1234 2958 artis
1257 2900 1379 2978 penitus

241 3003 366 3043 vacuam
390 2983 555 3055 damnavit,
582 3003 659 3062 qnae
683 2983 742 3042 sibi
765 2990 891 3061 arrogat
914 2982 993 3060 qnod
1017 2983 1150 3061 ignorat.

326 3070 363 3131 l).
388 3069 491 3141 Quare
507 3071 617 3130 librum
637 3070 729 3129 istum
746 3069 910 3147 insignivit
935 3070 989 3128 hoc
1010 3071 1103 3130 titulo
1120 3069 1201 3130 idest
1225 3071 1381 3149 ‘poetria’i

239 3156 313 3233 quid
336 3162 382 3216 θεῖ
404 3157 546 3234 poetria?

324 3244 366 3302 bl.
390 3245 513 3304 Poetria
544 3245 592 3304 vel
624 3243 763 3319 poetrida
792 3249 838 3302 est
868 3242 976 3302 mulier
1005 3244 1133 3302 carmini
1156 3243 1295 3320 studens,
1324 3267 1383 3324 quo

326 3417 338 3455 ὁ
372 3412 600 3483 apprehendatur.
759 3412 801 3479 ⁴2⁰]
822 3411 920 3480 aliqua.
1080 3414 1122 3483 2⁰]
1142 3414 1231 3468 solita.

310 3486 339 3524 26
373 3485 519 3535 constaret.
758 3482 800 3549 30]
821 3480 907 3534 solida
927 3481 1048 3535 scientia.

328 3638 402 3707 1lac]
422 3658 443 3692 ε.
462 3639 530 3692 oben
548 3639 590 3701 21,
611 3639 656 3700 10;
676 3638 716 3701 36,
738 3637 777 3689 13.

311 3708 352 3775 19]
372 3708 424 3760 T1:
450 3708 550 3776 diripit
568 3714 657 3760 ornent
674 3708 744 3759 branc
761 3706 860 3760 librum
879 3706 916 3758 ad
934 3707 1059 3759 Pisonem
1084 3711 1109 3758 et
1131 3705 1200 3758 diros
1220 3706 1293 3772 tilios
1318 3706 1383 3771 eins,

236 3776 355 3828 vnzcnrr'rnc
375 3777 411 3828 nd
429 3779 566 3838 tristiorem,
586 3777 635 3844 qni
653 3776 770 3844 scriptor
788 3776 970 3829 comediarum
985 3775 1049 3839 snit.
1509 3816 1527 3839 ,

310 3845 353 3914 25]
372 3846 496 3912 Herna,
521 3864 566 3899 ars
585 3850 655 3916 poet.
674 3846 706 3897 V.
727 3846 739 3898 1
759 3846 792 3898 t:
817 3847 933 3898 innnono
952 3845 1040 3913 cupiti
1058 3844 1186 3898 cervicem
1204 3845 1292 3912 pictor·
1311 3845 1384 3912 err-ni-

239 3916 442 3984 nnns‘c'nnperc
460 3917 485 3967 εἰ
503 3917 566 3968 ocb't
584 3934 609 3968 n.
630 3932 650 3968 ε.
670 3933 703 3967 iv.

311 3991 339 4027 2?
372 3984 452 4038 ibid.
472 3986 504 4038 V.
525 3987 539 4037 7
558 3984 590 4037 f.:
609 3987 681 4037 nebu
699 3984 776 4049 acori
795 3984 901 4036 somnio
919 3999 1006 4036 corrue
1031 3983 1168 4051 finpcntnr
1188 3982 1297 4051 specics.

312 4059 341 4096 34
374 4055 429 4120 vgl.
450 4055 517 4107 oben
536 4055 561 4107 S.
582 4055 623 4117 25,
641 4054 671 4115 4;
691 4053 746 4105 T1:
768 4053 906 4120 poetridcs
924 4058 1037 4105 cecatur·
1055 4054 1112 4121 ipse
1132 4052 1270 4104 Horatius
1289 4052 1317 4102 in
1337 4051 1386 4104 boc

241 4139 325 4191 opero.
345 4139 413 4190 opus
431 4124 519 4192 aprina
537 4129 650 4176 oocntnr
665 4122 772 4190 poetria
792 4122 862 4175 idest
880 4124 923 4174 rea
939 4127 1047 4190 poetam
1070 4121 1139 4174 auch
1158 4122 1266 4174 Walter
1283 4121 1385 4190 Burley

239 4194 294 4246 und
313 4194 393 4260 Hugo
412 4211 437 4245 r.
457 4193 557 4245 Trimb.
576 4209 683 4244 nenncn
702 4191 745 4244 bei
763 4192 853 4245 Horaz
873 4191 971 4244 desscn
990 4190 1119 4260 ‘poetria'.
