3074 4854
632 195 847 252 ..55-

171 367 264 428 titulo
289 367 345 425 hac
368 366 404 426 de
427 385 518 426 causa
540 385 611 425 usus
635 368 764 441 putatur
786 364 846 426 iste
868 372 968 443 poeta,
992 367 1071 446 quod
1094 367 1194 445 ipsum
1218 368 1317 447 operis

173 454 262 514 huius
296 452 484 532 principium
510 451 599 531 quasi
633 451 789 511 mulierem
817 472 946 530 superne
977 453 1140 515 formosam
1163 475 1318 534 praemon-

173 547 267 614 stret,
296 560 350 619 per
372 560 461 618 quam
484 538 583 616 ipsam
605 537 763 597 materiam
787 539 855 598 vult
884 539 1041 618 intellegi,
1072 541 1104 600 111
1127 562 1187 620 qua
1209 543 1259 603 vel
1281 564 1319 603 ex

172 649 242 709 qua,
261 628 433 688 sententiae
464 631 536 685 sunt
566 625 615 686 vel
643 625 826 703 procedunt,
856 645 933 704 quae
965 646 1074 704 corpus
1097 628 1193 689 totius
1217 631 1317 708 operis

172 735 308 793 congrua
329 713 483 773 rationum
506 711 709 790 dispositione
730 713 903 790 perficiunt.
1338 730 1352 772 5

259 802 298 861 l).
321 800 406 872 Quae
429 799 527 877 igitur
550 798 651 876 operis
674 797 764 858 huius
787 799 981 860 materia?

259 889 302 946 Μ.
324 885 518 946 Occasionem
534 885 653 965 quidem
667 885 813 946 materiae
824 884 948 946 videtur
960 885 1086 947 Oratius
1102 909 1138 948 ex
1153 886 1318 949 amicorum

173 974 372 1053 suggestione
394 973 442 1033 vel
462 972 615 1051 peticione
638 992 755 1033 sumere
770 973 820 1032 vel
843 993 945 1034 eorum
962 981 1044 1034 certe
1064 975 1116 1054 qui
1135 975 1231 1034 libros
1251 995 1318 1037 con-

173 1062 318 1123 ficiebant
341 1062 455 1139 absque
479 1059 609 1120 rationis
633 1058 749 1121 ordine.
784 1061 844 1119 Est
859 1059 958 1138 igitur
981 1061 1070 1121 huius
1092 1060 1167 1121 libri
1189 1063 1318 1123 materia

174 1148 279 1207 modus
312 1152 344 1206 et
377 1146 542 1207 instructio
573 1151 655 1206 recte
688 1145 843 1206 scribendi
876 1148 1065 1209 strutiones
1089 1148 1317 1210 exhortatoriae
1326 1163 1352 1205 10

174 1234 338 1295 cuiuslibet
359 1233 509 1311 poematis
531 1229 660 1316 quildem
683 1231 852 1311 incipiendi
875 1241 905 1294 et
927 1234 1030 1294 eodem
1053 1235 1159 1295 ordine
1181 1229 1389 1326 finiendi.1³,¹3p

174 1320 355 1381 Intendit
378 1325 480 1380 autem
498 1320 531 1379 in
556 1320 611 1380 hoc
635 1339 725 1397 opere
748 1327 906 1398 poetarum
929 1321 1098 1400 aliquorum
1121 1322 1317 1400 supercilium

173 1407 405 1486 reprehendere,
429 1407 481 1485 qui
503 1426 612 1472 nomen
632 1406 753 1486 quidem
773 1407 957 1485 scriptorum
979 1414 1160 1486 usurpantes
1183 1429 1258 1487 opus
1273 1410 1317 1470 in-

173 1495 305 1555 discreto
338 1493 410 1554 stilo
443 1493 592 1554 cuderunt
621 1513 676 1554 nec
700 1493 819 1553 modum
842 1494 892 1555 vel
914 1493 1051 1554 ordinem
1074 1495 1211 1555 debitum
1233 1496 1318 1574 operi

174 1603 228 1642 suo
250 1581 438 1644 dedicarunt.
480 1580 615 1652 Quorum
643 1581 774 1641 notabili
805 1581 981 1641 temeritate
950 1583 1063 1642 tvel
1093 1574 1250 1660 imperitia
1271 1603 1318 1643 re·
1306 1595 1354 1637 -15

173 1669 316 1746 derguta,
340 1667 393 1747 qui
416 1666 520 1727 modus
543 1667 646 1727 laxet
669 1658 759 1743 crdo,
791 1669 842 1746 qui
866 1675 953 1728 tenor
975 1668 1008 1728 in
1030 1669 1180 1748 qualitate
1203 1669 1319 1748 digres-

174 1757 306 1828 sionum,
335 1755 403 1834 quis
436 1753 565 1814 stilus
557 1774 589 1813 111
618 1754 715 1832 gestis
742 1775 841 1814 rerum
874 1754 950 1815 locis
973 1759 1075 1815 aetate
1103 1761 1239 1835 tempore
1269 1757 1320 1818 vel

173 1841 310 1921 personis
342 1841 489 1901 tenendus
517 1848 548 1901 et
571 1837 779 1901 observandus
802 1841 857 1914 sit,
885 1841 1033 1921 quomodo
1063 1842 1159 1920 capiti
1186 1845 1320 1903 membra

175 1929 340 1990 cohereant
362 1928 441 1988 idest
465 1927 603 1989 diversae
625 1927 795 1988 sententiae
817 1927 964 1989 uniformi
988 1929 1142 2003 materiae,
1156 1936 1320 2009 praecepta

175 2015 260 2076 dedit
288 2036 342 2093 per
370 2013 481 2075 multas
510 2020 542 2075 et
572 2015 675 2074 varias
707 2015 967 2093 comparationes,
999 2020 1155 2076 auctorum
1186 2019 1355 2095 probansao

174 2103 307 2164 virtutes
324 2101 375 2162 vel
397 2121 523 2164 errores.
558 2102 654 2162 Porro
672 2121 784 2179 magna
796 2101 918 2162 utilitas
940 2102 1040 2164 finalis
1064 2123 1172 2163 causae
1191 2105 1320 2182 legenti-

175 2192 244 2262 bus„
275 2189 449 2270 praeceptis
486 2188 638 2249 scribendi
677 2183 847 2266 vigilanter
896 2188 1137 2262 intendentibus3
1176 2190 1321 2270 quicquid

177 2277 257 2338 enim
280 2275 440 2353 scripseris
468 2276 533 2335 sive
557 2275 684 2335 multum
715 2295 768 2336 seu
791 2276 958 2352 modicum,
990 2295 1111 2336 necesse
1142 2283 1196 2348 est,
1225 2284 1260 2337 ut
1288 2278 1322 2337 in

175 2363 248 2425 stilo
272 2368 325 2423 tuo
342 2364 429 2422 iuxta
451 2361 598 2422 materiae
617 2362 742 2423 initium
766 2382 884 2440 semper
905 2362 948 2423 sit
970 2363 1187 2443 consequentia
1210 2385 1320 2427 rerum.

174 2452 236 2511 Pro
250 2455 334 2511 certo
350 2448 480 2520 noveris,
498 2449 577 2529 quod
600 2450 632 2509 in
656 2449 871 2510 taxatiuncula
890 2446 995 2510 hrevis
1016 2450 1167 2526 epistulae
1185 2451 1319 2512 fabulam
1329 2461 1355 2502 25

174 2539 290 2601 formae
313 2541 521 2597 monstruosae
543 2535 679 2597 liminari
700 2536 833 2614 paginae
855 2537 1007 2614 praefixae
1022 2537 1136 2598 videris
1160 2537 1321 2613 incurrere,

176 2624 202 2685 si
226 2625 331 2690 stilum
353 2628 438 2682 tuum
462 2643 522 2684 non
544 2623 734 2684 ordinaveris
757 2624 910 2684 scribendi
933 2623 1061 2688 ratione.

263 2711 302 2770 D.
327 2715 395 2771 lure
417 2709 597 2770 crediderim
612 2715 732 2788 poetam
753 2710 847 2770 istum
866 2712 898 2771 in
914 2718 1055 2788 poemate
1073 2731 1127 2771 suo
1148 2728 1210 2770 non
1232 2732 1321 2790 posse

175 2797 306 2870 deviare,
329 2795 381 2876 qui
404 2798 509 2874 potuit
531 2796 608 2858 alios
631 2797 756 2875 scriptis
779 2797 937 2858 deviantes
961 2797 1127 2860 emendare.

262 2886 304 2944 M.
328 2883 460 2961 Scripsit
480 2884 601 2963 quidem
630 2884 709 2943 idem
729 2883 853 2944 Oratius
878 2890 909 2943 et
930 2885 1007 2945 alios
1034 2884 1140 2962 libros,
1170 2894 1356 2946 sermones30

176 2978 208 3030 et
231 2970 304 3031 odas
327 2976 358 3030 et
381 2970 478 3044 alios,
500 2971 533 3031 in
555 2971 664 3050 quibus
687 2971 748 3032 etsi
770 2971 887 3030 fructus
910 2971 1068 3048 tyrunculi
1084 2971 1237 3032 studentis
1267 2978 1321 3045 est,

176 3064 279 3117 tamen
310 3057 502 3135 spiritalibus
531 3057 564 3116 in
596 3058 777 3136 quibusdam
807 3056 881 3118 locis
911 3057 1003 3119 lectio
1033 3057 1097 3118 eius
1131 3058 1322 3120 infructuosa

176 3146 247 3224 quia
269 3144 386 3205 viciose
409 3152 474 3223 est3
498 3152 706 3204 verumtamen
730 3145 783 3205 uhi
806 3144 921 3204 vitiosa
945 3143 1045 3226 Oratii
1070 3145 1168 3206 oratio
1200 3150 1254 3217 est,
1288 3146 1321 3205 in

177 3232 234 3292 hac
257 3237 348 3292 caus'a
373 3231 470 3310 magis
482 3231 613 3292 vitiosus
636 3231 764 3311 quisque
786 3237 912 3292 notatus
936 3236 983 3292 est
1003 3252 1091 3312 quam
1113 3238 1219 3294 auctor
1231 3233 1321 3293 viciis

176 3319 294 3378 notetis
316 3318 481 3382 subiectus,
518 3312 602 3378 Idem
623 3319 747 3379 Oratius
770 3319 1022 3398 quinquagesimo
1055 3319 1185 3398 septimo
1208 3320 1356 3381 116161163ὁ

178 3426 249 3465 suec
278 3425 356 3466 anno
378 3407 494 3466 Romae
524 3411 661 3465 mortuus
685 3409 741 3466 est.

252 3592 410 3664 llfiniendi]
429 3593 579 3648 definiendi.
790 3592 962 3661 2⁵fabulam]
983 3593 1111 3646 tabulam.

251 3770 354 3819 10rcct.
373 3766 463 3833 scrib]
483 3783 504 3819 e.
525 3765 652 3823 6161164,
673 3765 712 3818 13.
732 3766 775 3819 20.

251 3835 414 3956 lsslllpb
357 3835 471 3888 heachte
489 3835 540 3887 den
558 3834 688 3886 Wechsel
705 3852 759 3887 von
780 3831 826 3900 qui
839 3863 873 3871 -
885 3833 953 3901 quis.

250 3903 626 4025 ¹7l180c.tempppqrs.]4.s
646 3903 672 3956 S.
691 3904 732 3967 21,
752 3903 782 3966 8;
803 3902 842 3967 31,
863 3903 891 3965 7;
911 3902 951 3965 73,
972 3901 1012 3955 18.

250 3973 416 4052 ²0prcbans]
435 3973 489 4039 vl

249 4044 291 4111 35]
311 3973 620 4110 dieausHigeroiiylm,
631 4040 724 4093 chron.
738 4041 782 4161 (Η-
797 4039 897 4106 Migne,
909 4043 979 4109 patr.
989 4056 1116 4105 graecu
1129 4043 1194 4100 tom.
1206 4039 1245 4101 19,
1259 4037 1322 4106 530)

177 4116 365 4166 entnommene
384 4111 496 4177 Angabe
512 4112 578 4163 tiber
597 4110 645 4163 das
670 4127 725 4161 von
772 4126 835 4162 craz
859 4108 979 4162 erreicht
967 4111 995 4161 te
1013 4108 1060 4161 Alt
1050 4113 1091 4160 161
1113 4109 1233 4162 schreibt
1221 4037 1323 4161 taucli

177 4183 221 4235 W.
240 4181 341 4250 Burley
361 4197 411 4233 aus
430 4180 480 4249 (ed.
499 4180 590 4232 Knust
578 4182 633 4248 tp
653 4179 723 4246 350).
761 4178 823 4244 Vgl.
844 4178 910 4232 Suet
898 4182 947 4231 ton
965 4178 1005 4230 ed.
1024 4177 1220 4232 Reifferscheid
1238 4175 1263 4230 8
1276 4175 1323 4229 48.

1219 4263 1234 4314 5
