3074 4854
646 258 860 313 -21„„

186 429 301 505 figurae
325 449 400 506 quae
424 427 568 487 dicuntur
591 433 742 502 scemata,
763 434 806 486 ¹et
829 428 856 487 si
880 449 938 505 qua
962 437 1033 489 sunt
1057 431 1119 490 alia
1141 433 1205 491 sive
1227 432 1323 507 <in>

185 515 382 575 eclesiasticis
422 515 597 574 auctoribus
636 535 688 573 seu
721 512 889 592 gentilibus
924 518 1102 577 auctoribus
1136 518 1325 596 requirenda.

184 600 317 674 Quorum
348 602 482 661 omnium
510 601 613 661 brevis
643 601 753 662 solutio
777 601 900 662 videtur
922 603 998 662 mibi
1021 603 1166 681 quaedam
1195 604 1234 664 ad
1257 625 1325 666 auc·

184 695 265 749 tores
289 688 505 766 intelligendos
530 708 654 766 magnos
678 687 726 748 vel
748 688 888 749 minimos
911 689 1108 756 introductio.

270 794 313 852 Μ.
336 793 373 852 In
396 791 443 852 his
466 792 719 869 inquisitionibus
743 792 804 852 tuis
828 794 1026 854 auctoristam
1051 795 1126 855 milri
1149 794 1322 872 depinxisse
1345 811 1358 853 5

185 880 305 949 videris,
319 879 371 955 qui
383 879 570 940 secularibus
583 879 719 958 adprime
732 878 914 962 disciplilnis
928 882 1063 942 eruditus
1075 883 1161 942 clave
1174 882 1322 943 scientiae
1332 899 1393 943 Blatt
1410 901 1439 945 se

183 966 377 1046 pulsantibus
398 966 474 1026 solet
493 966 622 1043 aperire,
644 966 756 1045 quippe
777 966 825 1026 cui
845 987 899 1027 nee
916 968 1039 1029 minima
1062 969 1207 1029 excidunt
1220 969 1323 1030 vivaci

184 1053 355 1125 memoriae,
379 1051 449 1111 dum
472 1053 588 1113 maiora
609 1055 675 1114 loco
698 1059 832 1129 tempore
855 1074 984 1131 persona
1006 1055 1127 1132 cogitur
1150 1055 1323 1135 dispertire.

186 1141 244 1201 Sed
268 1161 285 1199 a
308 1145 414 1198 nostra
436 1145 552 1200 remota
579 1144 650 1200 sunt
674 1141 747 1199 haec
770 1139 998 1218 intelligentia,
1022 1143 1156 1220 quinon
1180 1143 1324 1202 habemus

184 1248 289 1288 sensus
320 1226 503 1286 exercitatos
530 1227 569 1287 ad
598 1227 727 1288 solidam
757 1227 857 1288 cibum
882 1227 1021 1302 dandum,
1044 1229 1095 1290 sed
1120 1229 1210 1290 lactis
1232 1220 1360 1290 modi-10

185 1335 250 1374 cum
280 1313 319 1373 ad
346 1314 506 1391 parvulum
536 1314 739 1375 nutriendum.
783 1315 850 1374 Huc
878 1316 995 1376 aceedit
1027 1317 1121 1395 quod,
1152 1336 1219 1377 eum
1250 1317 1326 1376 mihi

183 1401 328 1462 secularis
345 1401 526 1460 literaturae
545 1401 678 1462 officium
700 1400 847 1480 iniungis,
871 1402 942 1478 quid
963 1404 1112 1481 propbeta
1128 1402 1243 1464 dixerit
1265 1424 1323 1464 non

184 1488 333 1549 adtendis.

270 1575 309 1634 Ι).
332 1573 483 1647 Quidnam
507 1575 605 1635 dixit?

270 1680 313 1739 Μ.
336 1677 517 1757 ‘Desolavit,
541 1679 653 1758 inquit,
678 1679 816 1741 dominus
839 1678 975 1758 linguam
1002 1681 1094 1740 maris
1117 1678 1263 1757 Egiptii.'
1335 1697 1361 1739 15

269 1782 309 1842 Ι).
331 1781 414 1855 Quid
434 1790 481 1843 est
504 1783 581 1844 hoe?

269 1888 312 1945 M.
335 1886 458 1964 Lingua
486 1887 578 1946 maris
609 1886 741 1965 Egyptii
770 1887 876 1948 doema
908 1893 955 1946 est
991 1886 1137 1947 secularis
1168 1883 1324 1958 scientiae,

183 1993 258 2050 quae
281 1976 335 2033 vix
357 1979 412 2033 aut
435 1973 610 2034 nullatenus
629 1980 713 2034 caret
734 1974 851 2051 peceati
876 1994 928 2034 seu
948 1974 1098 2034 vanitatis
1122 1971 1324 2038 obscuritate;

184 2080 274 2137 quam
298 2061 423 2120 verbum
453 2059 644 2120 incarnatum
675 2060 840 2131 desolavit,
872 2060 944 2138 quia
966 2061 1109 2121 reseretis
1131 2079 1185 2138 per
1207 2058 1323 2118 elavem

183 2145 324 2206 caelestis
361 2146 531 2224 sapientiae
567 2147 789 2225 seripturarum
827 2147 975 2208 misteriis
1013 2151 1135 2209 vanitas
1172 2145 1361 2207 obmutuitao

184 2233 331 2294 scientiae
355 2233 512 2299 secularis.
559 2233 621 2295 Cur
643 2235 741 2313 igitur
764 2255 782 2294 a
805 2233 891 2295 nobis
921 2234 1034 2312 exigis,
1065 2234 1157 2313 quod,
1191 2233 1263 2294 lieet
1293 2232 1325 2291 in

181 2320 317 2381 discente
339 2322 382 2380 sit
405 2320 566 2394 veniabile,
590 2321 660 2380 nevi
684 2328 760 2380 nota
782 2314 843 2381 nan
866 2328 951 2382 caret
973 2323 1003 2380 in
1027 2320 1171 2382 docente?

268 2424 307 2483 Ι).
329 2424 416 2485 Nulli
438 2426 518 2486 velle
541 2425 684 2503 prodesse
706 2425 834 2505 impium
851 2430 882 2485 et
897 2425 1080 2487 detestabile
1096 2431 1156 2498 est;
1179 2426 1325 2505 quicquid

181 2511 286 2589 agitur
298 2512 426 2572 obtentu
438 2513 638 2585 necessitatis,
656 2518 820 2573 excusatur
831 2513 1011 2573 reluctantis
1027 2512 1128 2573 studio
1144 2513 1321 2574 voluntatis.

181 2598 244 2658 Nec
267 2597 360 2658 etiem
384 2618 401 2657 a
424 2604 455 2659 te
474 2619 586 2677 magna
608 2600 745 2678 requiro;
766 2620 877 2678 quaero
898 2599 976 2661 enim
1000 2621 1018 2659 a
1041 2605 1071 2660 te
1095 2620 1155 2660 non
1176 2605 1210 2658 ut
1226 2600 1359 2672 totius25

181 2683 286 2744 domus
314 2691 437 2763 apertae
461 2687 701 2766 suppellectilem
726 2687 890 2758 scruteris,
921 2685 971 2747 sed
1005 2686 1118 2747 clausis
1148 2686 1249 2747 claves
1272 2687 1322 2747 ad·

181 2771 287 2831 hibeas
310 2772 416 2846 ostiis3
441 2792 501 2834 non
523 2780 680 2834 auctorum
704 2793 815 2851 quaero
838 2773 999 2835 lectionem
1021 2773 1071 2833 vel
1093 2773 1321 2852 expositionem,

180 2857 233 2917 sed
256 2879 294 2918 ex
316 2858 468 2937 principio
498 2879 600 2920 eorum
623 2859 703 2920 idest
741 2861 869 2921 materia
897 2861 946 2920 vel
974 2860 1145 2921 intentione
1179 2860 1323 2938 colligere

180 2945 372 3005 medietatem
396 2952 427 3005 et
448 2947 546 3007 finem.

267 3133 292 3202 ὃ]
312 3131 355 3186 die
373 3132 530 3200 Einteilung
550 3133 641 3199 loeus,
661 3136 769 3203 tempus
786 3133 911 3203 persona’
930 3132 968 3187 ist
986 3131 1045 3186 eine
1065 3134 1130 3187 sehr
1146 3134 1319 3199 verbreitete,

181 3219 203 3256 s.
223 3220 245 3254 z.
257 3202 286 3255 B.
298 3202 417 3267 Quintil,
436 3203 499 3256 inst.
520 3220 557 3255 or.
577 3203 623 3268 ΙΙΙ,
643 3203 666 3267 6,
685 3203 732 3266 25;
752 3202 936 3272 Hieronymus
955 3202 1227 3269 beiMigne30,531;
1248 3203 1319 3266 isid,

180 3288 217 3324 or.
228 3272 260 3334 H,
282 3272 360 3335 16,1;
380 3271 490 3336 Alkuin,
502 3271 593 3339 Migne
614 3272 671 3336 101,
690 3272 752 3335 922:
771 3273 852 3338 Hugo
865 3273 897 3325 de
911 3272 936 3325 S.
949 3272 1067 3336 Victore,
1077 3273 1171 3339 Migne
1182 3272 1238 3337 176,
1256 3273 1318 3336 799;

178 3339 234 3407 vgl.
248 3339 290 3392 die
300 3340 563 3394 handsehriftliehen
573 3340 903 3404 Boethiuskommentare,
919 3358 975 3394 von
983 3340 1105 3394 walchen
1116 3341 1161 3394 ich
1178 3341 1216 3394 im
1225 3341 1320 3394 Neuen

179 3408 283 3461 Archiv
300 3409 319 3463 f.
339 3409 386 3463 alt.
408 3411 432 3464 d.
452 3409 549 3464 Geseh.
569 3411 607 3462 XI
626 3409 724 3479 (1885),
744 3408 770 3463 S.
791 3409 839 3462 126
857 3409 978 3479 spreehe.

250 3478 290 3547 1⁰]
313 3478 361 3531 der
380 3496 429 3532 aus
448 3480 509 3532 dem
527 3478 722 3532 Hebrterbrief
738 3477 817 3532 Pauli
826 3479 850 3542 5,
863 3478 894 3531 13
904 3478 923 3531 f.
934 3479 1105 3532 stammende
1114 3478 1259 3546 Vergleieh
1269 3481 1319 3532 mit

179 3544 370 3600 ‘lae-solidus
383 3547 467 3601 cibus’
486 3547 554 3600 vird
572 3547 610 3601 im
628 3547 774 3614 folgenden
793 3547 863 3600 noch
880 3548 1229 3614 mehrmalsangewendet3
1249 3548 1318 3601 auch

177 3613 215 3667 im
234 3613 252 3668 S
259 3633 327 3684 pec.
346 3616 438 3684 Virg.
457 3616 498 3670 Bl.
518 3617 561 3688 92
580 3620 643 3684 sagt
659 3617 783 3669 Konrad:
802 3617 999 3670 maturioribus
1010 3618 1127 3671 solidam
1139 3617 1235 3681 cibam,
1251 3633 1319 3686 pur-

177 3685 249 3738 oaiis
267 3686 309 3738 iae
324 3687 489 3753 praebemus.

249 3753 290 3822 l5]
309 3754 423 3808 Isaiae
444 3757 483 3819 11,
504 3756 547 3809 15;
566 3762 592 3810 et
609 3755 742 3809 desolabit
759 3754 828 3807 door.
847 3754 914 3822 lina.
932 3769 998 3807 mar.
1018 3755 1146 3824 Aepypti.

249 3823 290 3892 18]
310 3823 364 3890 vgl.
384 3823 479 3903 Speo.
495 3825 587 3891 Virg.
607 3825 648 3878 Β).
668 3824 683 3877 6
684 3835 722 3895 g:
742 3825 808 3892 qaia
826 3824 876 3876 oia
894 3829 944 3876 aut
961 3823 1116 3878 auliateaas
1134 3823 1235 3898 transit
1252 3823 1318 3877 baec

177 3891 255 3944 bomo
272 3895 434 3961 temporalia
451 3894 509 3946 siae
526 3896 615 3963 calpa.

248 3963 290 4030 2⁰]
309 3962 365 4029 vgl.
394 3962 490 4015 Bern.
519 3963 683 4033 Trajeot.:
719 3961 816 4017 debinc
847 3962 878 4014 ia
908 3962 1084 4015 historiarum
1109 3962 1318 4028 fabularumque

176 4031 314 4098 mysteriis
332 4046 376 4084 eos
392 4033 469 4099 coepi
478 4032 558 4086 radis
583 4031 665 4085 rades
689 4032 808 4096 erudire,
819 4032 1005 4101 eucapieates
1022 4032 1079 4100 ipsi
1106 4030 1199 4086 doceri
1226 4029 1318 4084 doceri

176 4106 328 4224 emiliani
335 4107 572 4249 pibec.r(liili}mdl
591 4170 661 4240 193:
680 4170 860 4240 intellipeatio
878 4185 974 4223 aevum
992 4169 1125 4223 stultitiae
1138 4168 1263 4238 proterit.

247 4244 277 4282 26
309 4257 364 4292 von
383 4239 485 4293 ‘clausa
504 4240 583 4293 ostra’
602 4240 658 4293 und
676 4239 784 4293 ‘claves'
805 4239 910 4309 sprieht
928 4239 1039 4293 Konrad
1057 4238 1127 4293 aueh
1146 4240 1223 4292 sonet
1241 4254 1316 4304 geru.
