3074 4854
706 226 916 281 ,72-

243 389 303 450 tibi
327 388 413 449 ludet
435 389 590 450 Achilles'.
623 395 720 454 Porro
745 394 885 453 Thebani
908 396 957 454 vel
981 393 1106 466 Thebei,
1130 393 1210 453 sicut
1231 398 1387 453 testantur

244 477 495 555 historiographi,
513 497 631 558 semper
647 484 734 540 erant
749 480 956 541 infelicissimi
968 480 1113 555 <siout>
1128 486 1159 540 et
1171 480 1385 552 Athenienses

244 565 274 624 iu
299 564 408 642 quibus
431 562 532 623 tamen
556 566 738 646 scriptorum
769 567 872 627 studia
895 569 969 629 adeo
991 573 1204 646 provenerant,
1226 572 1262 625 ut
1284 587 1386 626 eorum

172 636 328 733 {lss‘faota
360 650 453 710 etiam
476 671 574 730 parva
600 674 655 732 pro
678 655 798 732 magnis
828 655 1062 715 celebrarentur.
1107 653 1235 725 Statius
1250 651 1253 735 l
1267 653 1319 732 qui
1350 654 1386 714 de

221 739 459 799 cThebanorum
482 738 652 801 infortunio
676 741 726 801 vel
748 740 932 802 infelicitate
961 741 1182 801 librumsuum
1205 740 1385 818 composuit,

243 830 275 885 et
297 824 397 904 operis
421 825 468 884 sui
491 827 648 886 materiam
673 828 709 888 de
720 828 873 908 principio
890 829 939 891 vel
961 829 1020 889 fine
1043 828 1140 907 ipsius
1156 826 1228 887 belli
1245 827 1384 905 sumpsit.

243 911 366 973 Floruit
389 915 489 971 autem
511 912 591 973 idem
615 915 734 975 Statius
757 915 945 994 temporibus
967 914 1035 974 Titi
1057 919 1088 975 et
1107 914 1301 993 Vespasiani,
1323 913 1388 993 qni-

243 1001 300 1059 hus
324 996 397 1058 belli
416 998 555 1061 Thebani
579 1001 736 1062 materiam
761 1003 887 1081 scriptis
910 1001 974 1062 suis
997 1002 1030 1062 in
1053 1002 1222 1080 exemplum
1236 1000 1387 1060 virtutum

242 1085 416 1164 proposuit,
448 1086 501 1146 ubi
523 1107 578 1147 rex
607 1088 772 1150 Grecorum
796 1089 950 1150 Adrastus
974 1088 1059 1149 vario
1084 1088 1157 1148 belli
1187 1095 1299 1149 eventu
1321 1093 1388 1147 tau·

207 1182 234 1224 10
243 1173 309 1233 dem
331 1172 409 1232 vicit
433 1173 555 1234 Thebas
578 1181 608 1235 et
631 1176 754 1236 delevit.

330 1291 437 1365 Super
459 1292 651 1371 Virgilium.
679 1331 719 1340 -
743 1293 814 1378 (Μ.)
861 1295 1013 1374 Virgilius
1036 1295 1157 1374 quidem
1179 1300 1259 1354 teste
1282 1295 1387 1372 Augu·

245 1379 327 1440 stino
351 1401 462 1458 magna
488 1403 559 1460 pars
590 1382 758 1443 latinitatis
791 1383 868 1442 mira
895 1383 1080 1460 scriptorum
1102 1402 1224 1442 suorum
1252 1382 1387 1442 efficatia

244 1467 407 1526 multorum
445 1468 551 1528 valida
585 1469 742 1531 vacandas
772 1470 898 1530 lectioni
941 1490 1013 1530 suae
1051 1469 1215 1530 inclinavit
1256 1468 1387 1547 ingenia.

245 1553 377 1632 Triplici
409 1574 480 1632 ergo
512 1555 598 1616 modo
632 1556 786 1617 scribendi
816 1557 896 1616 idest
924 1556 1033 1617 humili
1059 1556 1203 1616 mediocri
1240 1561 1269 1614 et
1298 1574 1387 1632 gran·

207 1641 366 1719 15diloquo
397 1641 469 1701 stilo
496 1643 559 1701 tria
588 1643 685 1703 edidit
714 1643 878 1717 volumina,
909 1643 1047 1704 bucolica
1075 1643 1220 1704 videlicet
1242 1643 1386 1721 georgica

245 1734 275 1788 et
301 1727 463 1800 Eneidem,
497 1729 529 1788 in
559 1749 686 1807 quorum
710 1730 880 1808 ponderoso
904 1751 994 1790 sensu
1017 1736 1049 1790 et
1079 1730 1171 1790 litera
1198 1729 1388 1808 proprietate

246 1834 355 1892 magna
378 1816 499 1892 prolata
530 1837 626 1894 sagax
655 1818 752 1878 lector
779 1817 938 1878 advertere
967 1817 1084 1896 poterit
1113 1821 1233 1876 tautum
1265 1822 1387 1893 poetam

243 1903 395 1979 integram
443 1903 616 1962 liberalium
659 1904 891 1982 disciplinarum
932 1904 1077 1965 noticiam
1118 1902 1387 1981 comprehendisse,

242 1988 353 2067 quippe
376 1989 428 2066 qui
449 1989 530 2069 nulli
550 1996 706 2052 auctorum
728 1992 857 2052 inferior
885 2012 950 2052 esse
973 1992 1095 2051 videtur
1121 1991 1154 2049 in
1184 1995 1290 2062 metro,
1318 2010 1388 2068 quo·

207 2075 400 2136 2⁰dammodo
416 2075 583 2154 singularis
606 2077 722 2156 privati
744 2078 811 2137 stili
829 2077 1001 2157 privilegio.
1023 2078 1060 2138 In
1084 2077 1267 2138 bucolicis
1290 2076 1389 2154 igitur

244 2162 383 2240 eglogam
406 2163 486 2223 idest
504 2148 626 2224 'carmen
647 2165 802 2243 pastorale
818 2166 1019 2245 prosequitur,
1032 2164 1111 2243 quod
1132 2164 1253 2243 quidem
1269 2183 1287 2220 a
1306 2164 1388 2240 prin·

244 2249 335 2326 cipali
360 2254 446 2326 parte
462 2270 570 2311 nomen
593 2252 720 2331 accepit,
742 2252 888 2330 quianon
912 2253 1009 2312 solum
1029 2252 1059 2309 iu
1087 2251 1144 2311 hoo
1166 2271 1255 2328 opere
1274 2270 1389 2310 ormen-

245 2336 401 2409 rariorum,
425 2336 477 2396 sed
494 2338 587 2397 etiam
602 2339 770 2415 opilionum
794 2339 1059 2417 caprariorumque
1083 2357 1234 2398 sermones
1258 2335 1388 2397 alterca-

245 2423 344 2483 tiones
367 2432 398 2482 et
420 2425 541 2484 cantica
564 2425 786 2487 describuntur.
823 2426 901 2485 Sunt
923 2426 976 2504 qui
998 2432 1111 2503 putant
1126 2424 1230 2484 eadem
1252 2424 1388 2485 bucolica

210 2510 345 2582 realiter,
367 2531 457 2589 quam
480 2517 569 2572 sonat
599 2513 667 2590 ipsa
698 2513 805 2584 litera,
835 2513 964 2591 legenda
992 2510 1041 2572 vel
1071 2510 1285 2590 intelligenda,
1310 2511 1388 2584 dnm,

245 2596 324 2674 quod
346 2597 447 2657 verbis
473 2598 588 2675 apertis
601 2605 709 2659 auctor
727 2599 872 2674 ostendit,
895 2599 1054 2659 subtiliori
1071 2593 1160 2658 eensu
1183 2597 1387 2678 quaerendum

246 2685 298 2745 sit.
333 2683 420 2756 Quod
443 2685 563 2763 quidem
586 2685 619 2744 in
642 2685 822 2765 quibusdam
846 2686 921 2746 loeis
945 2684 1012 2746 fieri
1022 2691 1134 2764 potest,
1157 2690 1192 2744 ut
1217 2686 1389 2745 abstrusior

247 2771 337 2829 litera
360 2771 607 2832 lectoremducat
630 2773 668 2832 ad
691 2772 775 2833 aliud
790 2772 1034 2852 intelligendum.
1058 2772 1138 2833 siout
1161 2773 1193 2830 in
1216 2772 1387 2849 proverbiis

248 2858 426 2935 vulgaribus
450 2860 624 2938 plerumque
651 2861 704 2933 fit,
736 2865 770 2919 ut
792 2855 875 2920 eliud
899 2860 1055 2935 dieamus,
1078 2859 1161 2918 aliud
1185 2859 1262 2936 ipsis
1284 2859 1387 2920 verbis

335 3045 361 3114 2]
380 3044 426 3125 ich
442 3045 559 3109 zweifie,
587 3046 620 3098 ob
639 3045 681 3099 die
699 3045 905 3112 Sohwierigkeit
923 3045 1007 3099 durch
1026 3044 1196 3112 Einsetzung
1219 3063 1275 3098 von
1300 3043 1380 3098 ‘sieut

248 3115 474 3252 gehoppptqppffl.
893 3184 936 3253 25]
956 3187 1062 3236 sonant.

336 3356 361 3425 1]
380 3356 435 3422 vgl.
455 3355 607 3421 Sallust,
634 3356 692 3410 Cat.
711 3356 735 3417 8,
754 3357 784 3409 2:
811 3356 1013 3409 Atlreru'ensinru
1032 3370 1076 3407 res
1093 3361 1183 3423 pestere
1200 3370 1228 3403 μ
1246 3355 1389 3422 aliquanto

247 3425 363 3477 minores
378 3424 485 3493 rtonien)
505 3442 585 3492 qnam
597 3425 674 3490 fermo
695 3426 836 3489 feruntur,-
855 3425 902 3477 sed
919 3425 985 3492 quio
1007 3439 1194 3492 proeenere
1209 3425 1250 3476 ibi
1270 3425 1389 3493 serip-

248 3503 356 3547 eornm
386 3510 486 3562 rrrcpno
517 3495 643 3562 r'npeniu,
666 3510 718 3562 per
741 3499 875 3547 teneuram
898 3495 983 3545 orbern
1009 3494 1215 3547 Atheniensium
1236 3493 1313 3558 sucta
1334 3507 1388 3561 pro

249 3564 378 3616 nrumrnn's
397 3564 572 3616 celebrantur.

319 3633 360 3702 1¹2]
379 3633 434 3699 vgl.
453 3633 567 3699 Verg,
586 3634 653 3686 Aen.
672 3633 704 3697 H,
724 3633 753 3685 6:
783 3637 814 3685 ‘el
833 3648 945 3700 qnorum
968 3648 1035 3699 pars
1058 3647 1158 3699 neuque
1178 3631 1240 3695 sni’.
1277 3632 1389 3698 Augu-

248 3701 382 3766 stinus,
407 3702 499 3769 Migne
518 3702 562 3766 35,
582 3701 664 3755 2089:
681 3708 823 3770 poetarum
840 3719 866 3751 κ
884 3703 912 3752 iu
931 3701 1056 3754 Romonu
1075 3701 1171 3769 linquo
1188 3701 1386 3762 nobilissimus·

247 3770 303 3838 vgl.
323 3771 366 3824 die
385 3773 453 3824 oben
472 3771 497 3825 S.
517 3771 558 3834 39,
577 3772 610 3824 33
629 3770 1024 3837 angefdhrteAugustinstelle,
1043 3770 1133 3822 ferner
1151 3769 1305 3835 Quintilian,
1324 3769 1388 3822 inst.

249 3859 286 3893 or.
306 3841 338 3906 X,
351 3842 373 3905 1,
393 3842 426 3894 85
444 3840 497 3893 und
518 3841 559 3893 die
578 3859 632 3892 von
644 3841 697 3909 Zap
717 3843 759 3893 ert
776 3840 973 3906 gesammelten
984 3839 1093 3902 Stellen,
1112 3838 1324 3892 Denkschriften
1342 3838 1390 3890 der

248 3910 360 3963 Wiener
377 3909 527 3963 Akademie
546 3910 621 3973 1851,
640 3910 673 3973 II,
692 3859 722 3972 p
763 3949 769 3961 .
788 3908 835 3971 29;
855 3908 1046 3978 GyralduS,
1072 3925 1160 3977 opera,
1178 3911 1244 3961 tom.
1261 3909 1287 3960 ll
1299 3907 1389 3976 (1580)

248 3997 273 4048 p.
294 3979 356 4032 148:
380 3979 516 4045 l'erqilr'ns
534 3997 560 4030 μ
576 3984 718 4046 portamini
738 3927 810 4030 dens

322 4054 349 4090 14
381 4048 437 4114 vgl.
457 4048 635 4111 obenzuer,
657 4047 695 4100 10.
890 4047 931 4115 19]
952 4063 972 4099 e.
992 4046 1033 4109 60,
1053 4046 1100 4109 21;
1121 4047 1161 4109 74,
1181 4048 1205 4100 8.

320 4122 349 4159 24
382 4116 525 4170 Servius
544 4134 577 4168 zu
595 4117 690 4183 Verg,
718 4116 766 4169 eol.
785 4116 832 4180 ΙΙΙ,
852 4117 900 4168 2οε
925 4115 1086 4180 retinendae
1104 4122 1168 4169 erint
1185 4113 1334 4183 ulleporiue
1359 4112 1388 4164 in

248 4187 368 4240 luteolieo
387 4188 505 4239 rurnn'ne
524 4203 545 4238 e.
565 4203 590 4253 q.
610 4202 631 4238 s.
