3074 4854
544 231 784 289 —45-.

74 403 141 478 ipsc
164 403 343 462 collatarum
367 401 416 462 vel
437 403 523 479 ipsae
546 406 698 461 certantes
721 419 868 478 personae
889 399 1023 476 pseustis
1047 404 1079 459 et
1099 399 1219 458 alathia

75 509 149 566 quas
172 488 349 551 introducit.
396 487 572 548 Intentio
595 493 644 547 est
673 507 776 547 sacrae
799 486 931 564 paginae
954 488 1116 546 veritatem
1141 505 1218 546 ccm-

75 575 215 636 mendare
237 582 268 636 et
292 573 467 636 tabularum
490 581 660 636 commenta
683 573 866 645 dissuadere,
890 591 949 633 non
973 573 1092 650 quidem
1107 577 1142 632 nt
1157 592 1218 634 non

74 663 227 741 legantur,
251 662 302 723 sed
325 682 361 723 ne
384 661 481 722 lectae
503 662 666 722 credantur
688 662 737 722 vel
761 661 917 721 inactum
941 662 1175 721 transferantur.

161 749 199 808 1).
222 748 324 822 Quare
346 753 473 810 vocatur
495 746 627 809 intentio
650 767 722 824 pars
744 747 806 808 ista
828 745 1011 807 scribentis?
1228 759 1241 800 5

160 837 202 895 11.
225 837 353 896 Paleare
375 835 492 914 pondus
515 836 589 896 haec
611 834 772 912 inquisitio
796 840 851 895 tua
873 833 974 895 habet.
1014 829 1149 893 Intentio
1172 836 1219 891 est

73 921 219 999 oniasque
236 922 393 1001 scriptoris
410 922 524 998 <vcl>
541 921 685 998 cuiusque
708 921 861 1001 loquentis
872 920 921 981 vel
933 919 1051 998 aliquid
1064 919 1218 998 operantis

73 1009 202 1069 affectus
229 1010 324 1070 animi
351 1009 434 1070 circa
467 1009 564 1087 ipsam
587 1008 746 1069 materiam
777 1015 831 1068 aut
861 1007 960 1068 oratio
991 1027 1067 1085 quae
1088 1005 1219 1066 maxime

74 1102 207 1156 ruentem
237 1096 370 1157 intendit
399 1097 479 1156 libro
515 1094 652 1174 legendo.
698 1096 793 1156 Porro
823 1093 1048 1154 utilitatem
1071 1113 1148 1172 qnae
1171 1099 1218 1153 est

76 1181 285 1257 <veritatis>
310 1183 447 1261 cognitio
478 1189 509 1244 et
531 1188 633 1244 rectae
655 1183 725 1243 fidei
748 1180 937 1243 confirmatio
958 1180 991 1241 in
1017 1181 1131 1241 lectore
1153 1192 1254 1241 ver-1⁰

75 1268 137 1328 sari
160 1269 353 1330 manifestum
377 1275 434 1332 est.
465 1269 639 1331 Introdueit
660 1276 761 1330 autem
782 1266 955 1330 Theodolns
978 1267 1053 1328 duas
1075 1287 1218 1346 personas

75 1355 271 1431 altercantes,
294 1356 421 1417 terciam
438 1356 474 1417 de
493 1357 620 1417 duarum
642 1354 732 1417 dictis
748 1355 947 1430 iudicantem3
964 1355 1015 1433 qui
1036 1361 1068 1414 et
1095 1353 1218 1414 nomina

74 1442 118 1502 eis
143 1445 181 1502 ab
205 1449 276 1504 actu
299 1443 453 1521 imposuit,
477 1450 512 1503 ut
534 1444 678 1504 carminis
702 1443 774 1505 ordo
797 1442 947 1521 poposcit.
993 1441 1099 1502 Prima
1119 1440 1218 1520 igitur

73 1549 201 1608 persona
223 1531 354 1608 pseustis
378 1536 425 1590 est
448 1551 467 1590 a
489 1530 628 1591 falsitate
659 1550 749 1608 quam
773 1529 904 1609 ingerit,
937 1528 1068 1589 secunda
1098 1527 1217 1588 alathia

74 1617 145 1692 quia
160 1617 323 1677 veritatem
339 1614 495 1701 defenditl
505 1618 600 1678 tercia
619 1617 749 1678 fronesis
767 1614 963 1696 aprudentia
985 1615 1058 1693 quia
1072 1634 1127 1694 per
1149 1635 1215 1676 eam
1225 1626 1251 1669 1⁵
1264 1623 1333 1667 uren

72 1703 182 1764 dubiae
206 1725 253 1764 res
276 1704 500 1768 examinantur.
535 1703 603 1782 Ipse
620 1708 722 1763 autem
738 1704 913 1765 Theodolus
930 1703 1017 1781 quasi
1037 1702 1086 1764 dei
1108 1722 1215 1762 servus
1289 1674 1318 1718 ⁹⁰

72 1788 122 1851 vel
146 1791 324 1851 Theodorus
348 1791 397 1851 dci
420 1791 575 1868 inspector
596 1791 719 1851 dicitur,

160 1877 198 1936 1).
218 1877 379 1955 Proprium
413 1877 534 1954 quidem
568 1884 614 1938 est
644 1897 732 1939 servo
765 1876 815 1937 dei
843 1876 1006 1938 veritatem
1038 1876 1218 1937 afalsitate

73 1962 260 2037 discerncre,
284 1970 318 2023 ut
347 1965 457 2025 ‘omnia
480 1965 603 2043 probet,
628 1963 707 2042 quod
730 1966 840 2025 bonum
864 1969 910 2024 est
932 1967 1050 2040 teneat,
1074 1965 1112 2023 ab
1136 1963 1217 2025 omni

74 2050 173 2127 specie
196 2051 278 2110 mala
301 2051 477 2111 abstineat'.
1226 2062 1254 2106 ao

161 2254 286 2323 lcollat.]
305 2254 489 2310 collectarum.
695 2255 875 2324 nuntiarem]
894 2255 1007 2309 utilitas.

143 2323 187 2391 20]
205 2341 256 2376 vor
275 2324 389 2377 ‘abstim’
407 2325 445 2378 ist
464 2325 509 2378 ‘se'
528 2324 635 2392 getilgt.

161 2477 187 2546 2]
206 2478 301 2530 Bern.
321 2479 386 2532 Tra
391 2478 424 2548 j.:
450 2479 563 2532 intentio
581 2493 677 2531 sacrae
694 2477 848 2546 scripturae
866 2477 1005 2531 ceritatem
1024 2477 1215 2541 ccnttrrendare,

72 2547 214 2621 partilium
237 2563 301 2600 cera
324 2548 419 2600 neruus
443 2548 604 2616 dampnare,
628 2562 681 2600 nan
704 2545 813 2615 quictem
836 2552 867 2600 at
889 2562 944 2599 non
969 2547 1101 2616 leputatur,
1120 2547 1166 2600 sed
1184 2563 1216 2600 ne

73 2618 154 2670 tectae
179 2616 325 2670 credantur
350 2617 389 2670 cel
412 2618 442 2669 a'n
461 2623 550 2670 actam
568 2616 773 2679 transferantur
791 2616 858 2684 [vgl.
876 2616 1003 2681 Boeth.,
1028 2633 1101 2670 cons.
1122 2617 1161 2681 11,
1182 2616 1217 2669 23

73 2685 114 2738 ed.
132 2685 239 2755 Peiper:
264 2687 411 2746 trnrrst'erre
436 2687 465 2738 in
485 2685 603 2754 aetaml:
635 2703 669 2738 an
694 2686 808 2739 anderen
827 2685 909 2738 Stella
928 2685 987 2751 gibt
1004 2686 1104 2738 Bern.
1124 2686 1190 2739 Tra
1195 2686 1215 2756 j.

73 2754 173 2807 ebenso
191 2753 243 2807 wie
262 2754 296 2806 T1
314 2753 347 2807 Τ2
366 2755 407 2808 als
425 2755 539 2808 intentio
558 2772 609 2807 an:
640 2759 761 2820 ,tantane
785 2755 948 2808 catholicam
972 2754 1145 2809 traditionem
1170 2771 1215 2808 ecc·

72 2824 162 2877 cellere
186 2823 302 2876 ostendit
325 2825 409 2877 ritum
433 2825 556 2893 pentilenr
580 2828 710 2891 precatam
734 2824 841 2878 excellit
864 2824 967 2877 acrites
982 2823 1162 2888 salsitatem“;
1182 2855 1216 2862 —

72 2892 196 2946 Honor.
216 2893 357 2960 August.
377 2894 423 2957 HI,
445 2894 490 2946 13:
509 2895 627 2961 eclapana
644 2911 696 2943 ea
714 2893 745 2944 a'a
763 2909 818 2961 prta
836 2893 976 2947 ceritatem
996 2893 1063 2960 fidei
1085 2895 1216 2960 astrueret,

68 2961 204 3031 perfidiae
219 2962 370 3024 falsitatem
388 2963 532 3017 (destruxit.

162 3031 239 3100 6-9]
267 3032 365 3085 Bern.
389 3031 493 3101 Traj.:
527 3031 640 3085 intente'c
664 3036 703 3084 est
727 3031 839 3096 affectare
862 3033 950 3086 animi
974 3031 1050 3085 eirca
1074 3033 1216 3085 materiam

71 3101 220 3154 coloratio
238 3116 308 3168 puae
326 3102 447 3153 animam
464 3101 581 3155 rrzaainre
599 3101 718 3154 attendit
735 3101 804 3153 libro
823 3101 940 3170 lepenato.

142 3169 167 3238 9]
196 3171 291 3223 Bern.
303 3169 407 3240 Traj.:
432 3171 547 3237 atda'tus,
567 3186 635 3237 piace
653 3175 691 3224 est
715 3170 841 3223 cernatis
858 3171 982 3240 cupatrio
1001 3175 1026 3223 et
1044 3176 1133 3224 rectae
1149 3171 1216 3235 fidei

73 3253 120 3290 can
133 3240 249 3303 cannutio,
268 3241 298 3291 a'n
316 3239 420 3292 lacrrane
437 3241 556 3293 nicatore
578 3246 716 3304 aar·satar·;
744 3240 777 3292 Τ1
796 3238 830 3292 Τ2
852 3256 937 3308 sagon
961 3258 1015 3294 von
1039 3240 1086 3293 der
1110 3241 1216 3294 utilitas

73 3307 121 3386 des
139 3307 275 3388 Theodul:
299 3309 359 3362 atil.
380 3314 433 3374 est,
458 3315 490 3363 at
512 3326 572 3364 eam
583 3308 740 3390 'uiderimus
757 3310 856 3363 rictam
874 3310 1042 3364 succcumbere
1058 3310 1215 3374 falsitatem,

72 3378 876 3513 apsanlrlpelsrpgapanngrpIppbtlrarrcenlageppteppprpcppecpppmdappds
896 3462 1029 3516 personas
1055 3446 1216 3501 altercantes

72 3518 97 3566 et
115 3515 223 3567 tertiana
247 3516 280 3568 de
304 3516 422 3569 elcanam
448 3516 531 3572 dictis
554 3517 767 3581 diiudicarent,
792 3516 908 3584 priniana
929 3530 1029 3568 cacans
1049 3516 1174 3584 pseustin
1197 3533 1215 3569 a

69 3583 193 3649 falsitate
217 3584 333 3646 dictant,
358 3585 477 3639 hamana
495 3592 521 3640 et
539 3586 667 3652 fabcalcsa
687 3590 909 3655 praeponentem,
927 3585 1071 3638 scoriadam
1089 3585 1215 3638 alithiam

73 3652 171 3705 divina
189 3659 214 3706 at
231 3669 296 3706 aera
313 3661 500 3723 opponentem,
525 3657 633 3710 tertiam
648 3655 804 3724 pleonasiae
822 3671 840 3706 a
855 3654 1005 3723 prodenda
1029 3653 1143 3718 dictant,
1163 3671 1216 3724 per

71 3738 153 3790 paam
172 3722 257 3775 dabie
282 3724 484 3780 exanainantar.
508 3755 538 3763 -
563 3725 596 3778 T¹
615 3724 662 3778 T2:
687 3723 899 3778 introducantur
920 3724 964 3776 tic
989 3722 1061 3787 duae
1083 3739 1214 3791 personae

68 3796 168 3860 pseast.
187 3796 212 3844 et
231 3792 313 3846 aiath.
332 3793 430 3860 pathas
447 3795 513 3847 haec
526 3795 635 3848 nantino
647 3794 709 3846 bene
722 3793 890 3848 concernunt.
920 3792 976 3846 Der
988 3793 1059 3845 dann
1068 3792 1213 3860 folgenden

71 3860 228 3914 schlechten
247 3860 419 3931 Etymologie
436 3863 481 3916 fiir
499 3862 605 3938 ἀλήθεια
621 3863 687 3916 “ati
705 3863 798 3916 hebreo
809 3878 925 3916 sernrcne
937 3862 1046 3928 ceritas,
1059 3863 1135 3915 thia
1148 3863 1214 3916 dens

71 3929 192 3984 dicitrn·”
211 3930 318 3984 enthalt
335 3930 394 3984 sich
411 3933 528 3986 Konrad.

143 4000 185 4068 16]
206 4000 294 4067 Sigb.
314 3999 443 4055 (lembl.
473 4001 523 4054 134
541 4002 658 4055 erklttnt:
685 4001 738 4053 ‘dea‘
755 4002 870 4066 sarvas’;
898 4000 985 4053 T1T²
1008 4001 1093 4056 demit
1117 4018 1214 4056 ausser

72 4069 123 4122 ‘dci
142 4070 246 4122 servus'
271 4069 340 4122 auch
363 4087 398 4122 sn
424 4070 518 4123 ‘theos’
541 4071 596 4124 und
621 4070 715 4124 ‘dolus'
737 4071 875 4136 :ira11s,
907 4071 982 4137 ‘prtia
1000 4070 1033 4123 de
1052 4070 1164 4125 veritate
1188 4077 1214 4125 et

68 4138 191 4202 salsitate
209 4139 327 4191 tractal’.

143 4207 184 4276 19]
203 4208 223 4261 l.
242 4208 338 4262 Thess.
357 4209 380 4272 5,
400 4208 441 4261 21.
460 4207 501 4262 22.
