3074 4854
632 195 759 251 ..59
807 226 845 234 --

164 366 231 422 erat
253 362 334 422 inter
357 363 556 440 magistratus
580 368 611 422 et
634 361 748 422 milites
771 361 916 423 adversus
937 365 1038 424 hostes
1061 363 1258 424 dimicaturos
1281 370 1312 425 et

165 449 358 522 dimicantes;
381 469 435 528 per
458 450 514 510 hoc
538 447 718 526 ‘patricius',
749 449 828 525 quod
852 454 979 527 paterno
1003 451 1117 511 affectu
1139 451 1311 529 praedeces-

164 557 246 597 sores
264 538 358 596 bonos
385 537 524 597 imitatus
541 541 587 595 est
604 536 653 594 vel
671 542 752 596 certe
768 557 822 614 per
844 537 899 596 hoc
922 557 1031 597 nomen
1052 536 1183 598 adtende
1202 539 1311 598 nobili·

164 629 271 688 tatem.
317 623 487 684 Videturne
516 622 576 682 tibi
599 642 653 700 per
676 623 754 682 hunc
777 622 904 683 titulum
919 623 1009 707 >satis
1039 645 1182 703 expressa
1208 625 1424 686 Boetiimattros

165 710 265 771 virtus
290 709 427 788 dignitas
462 714 494 769 et
516 709 680 781 nobilitas,
713 710 827 792 quippe
860 711 913 787 qui
944 731 999 788 per
1030 731 1103 772 avos
1125 731 1256 790 proavos
1280 716 1332 773 ott

164 802 288 858 attavus
312 798 356 857 sic
380 796 617 868 commendatur,
641 796 789 872 quomodo
813 795 840 856 si
859 797 977 859 fructus
1000 799 1119 859 arboris
1144 798 1255 859 nobilis
1280 803 1309 859 et

163 884 319 962 preciosae
341 903 395 961 per
417 883 555 942 radicum
578 883 715 960 vigorem
738 884 867 962 pulcher
889 890 921 944 et
943 885 1046 945 suavis
1070 885 1269 946 ostendatur?

250 970 289 1029 u.
313 970 511 1047 Elegantiam
531 970 745 1048 subsequentis
769 970 868 1049 operis
885 971 997 1032 titulus
1016 972 1093 1032 satis
1110 972 1244 1032 ostendit
1256 992 1310 1033 nec

165 1062 211 1117 est
239 1077 313 1134 opus
344 1057 489 1135 prologo,
523 1056 577 1116 ubi
599 1057 746 1135 prologus
769 1057 998 1118 commendatur
1021 1058 1053 1117 in
1076 1058 1185 1131 titulo;
1217 1079 1310 1138 perge

163 1143 280 1205 amodo.
1320 1154 1345 1196 10

250 1231 293 1289 M.
316 1229 415 1291 Huius
439 1231 543 1308 itaque
565 1231 647 1291 tanti
667 1231 729 1292 viri
751 1231 829 1291 liber
847 1231 959 1310 incipit
977 1251 1037 1292 non
1061 1231 1097 1291 de
1125 1232 1227 1292 solitis
1251 1232 1310 1292 dis·

164 1316 287 1395 ciplinis
311 1316 501 1395 liberalibus,
525 1317 578 1378 sed
601 1318 637 1377 de
661 1318 870 1378 consolatione
892 1318 974 1378 idest
996 1318 1032 1377 de
1055 1319 1218 1379 sententiis
1242 1339 1310 1380 con-

163 1403 362 1464 solatricibus
384 1404 608 1483 philosophiae.
633 1405 817 1482 Philosophi
843 1405 986 1466 dicuntur
1008 1405 1061 1482 qui
1076 1414 1221 1484 percepta
1244 1407 1310 1466 veri

164 1490 235 1550 boni
258 1490 433 1569 cognitione
456 1498 587 1570 quatuor
609 1491 803 1571 passionibus
828 1496 975 1569 quantum
1012 1501 1058 1552 est
1082 1512 1140 1553 non
1168 1494 1311 1554 laborant

162 1576 245 1636 idest
266 1577 378 1654 gaudio
402 1599 454 1657 spe
477 1579 580 1640 dolore
603 1579 724 1640 timore.
981 1583 984 1588 ’
1319 1585 1345 1627 15

248 1664 287 1725 u.
311 1665 395 1724 Haec
425 1674 568 1726 naturam
599 1667 762 1726 humanam
797 1664 943 1725 videntur
977 1665 1134 1739 excedere,
1165 1667 1219 1726 ubi
1241 1666 1310 1728 vult

162 1750 336 1810 accidentia
358 1771 415 1812 sua
437 1753 558 1831 fragilis
582 1753 671 1814 homo
695 1774 733 1813 ex
756 1752 897 1812 vocabuli
920 1752 1076 1830 dignitate
1104 1750 1216 1826 delere;
1248 1774 1309 1815 non

163 1842 210 1896 est
232 1843 350 1914 tantus,
374 1838 426 1916 qui
450 1859 510 1900 non
533 1839 668 1919 gaudeat
692 1843 793 1918 speret
816 1838 919 1899 doleat
942 1847 974 1898 et
996 1845 1124 1901 metuat.

248 1925 290 1983 M.
313 1925 394 1985 Male
417 1925 583 2005 intelligis;
613 1933 660 1987 est
683 1925 829 2004 gaudium
853 1925 890 1985 de
912 1926 1019 1987 divina
1042 1926 1159 2004 gratia,
1182 1947 1250 2004 spes
1273 1927 1310 1987 de

162 2010 297 2072 mercede
321 2017 452 2086 aeterna,
475 2019 523 2073 ast
544 2014 631 2075 dolor
653 2013 754 2073 iustus
771 2012 808 2071 de
830 2012 906 2073 iusti
929 2014 978 2074 vel
998 2013 1072 2072 mali
1095 2015 1193 2086 ruina,
1216 2014 1345 2074 timor2⁰

162 2104 286 2158 sanctus
309 2119 489 2176 permanens
519 2100 552 2161 in
576 2101 688 2162 secula.
728 2099 844 2173 Quodsi
877 2099 998 2159 flexeris
1023 2100 1096 2160 haec
1118 2104 1250 2178 quatuor
1271 2101 1310 2161 ad

161 2184 310 2244 inferiora
318 2231 326 2263 ,
353 2187 531 2247 melioribus
561 2188 677 2266 reperis
710 2207 836 2266 prorsus
871 2186 1032 2261 inferiora3
1060 2187 1112 2265 qui
1136 2187 1216 2247 enirn
1230 2207 1309 2248 vano

163 2270 269 2331 mundi
291 2272 404 2350 gaudio
424 2274 554 2347 levatur,
577 2275 700 2353 quispe
722 2273 767 2334 rei
787 2273 1015 2352 perfunctoriae
1037 2274 1181 2346 trahitur,
1206 2273 1311 2335 dolore

163 2357 277 2436 perditi
307 2361 378 2421 boni
401 2361 575 2435 cruciatur,
607 2361 718 2421 timore
748 2360 855 2422 mortis
880 2360 1029 2436 afficitur,
1067 2365 1198 2440 putasne
1227 2366 1310 2422 recte

161 2445 419 2525 philosophatur?
463 2450 522 2508 Est
552 2448 632 2508 enim
655 2453 774 2508 amator
797 2448 968 2527 sapientiae
990 2447 1208 2527 philosophus,
1231 2449 1346 2526 quod25

162 2551 271 2592 nomen
296 2535 406 2594 merito
431 2535 550 2595 amittit
572 2536 625 2613 qui
653 2557 672 2595 a
702 2535 845 2596 iusticias
868 2536 994 2595 tramite
1017 2534 1147 2596 divertit
1177 2543 1208 2594 et
1229 2536 1311 2597 vitia

162 2638 217 2697 pro
241 2619 411 2681 virtutibus
435 2621 518 2683 colit.

249 2706 288 2765 l).
312 2707 362 2768 Sic
384 2708 524 2783 videtur;
552 2730 660 2770 nomen
689 2709 768 2769 enim
798 2708 1014 2787 philosophiae
1044 2709 1160 2768 cultum
1189 2709 1311 2786 quaerit

163 2792 306 2852 veritatis
330 2802 362 2853 et
384 2795 536 2858 iusticias.
583 2797 642 2857 Sed
665 2815 813 2873 quaenam
836 2800 883 2855 est
907 2795 996 2855 huius
1019 2795 1093 2854 libri
1116 2795 1266 2855 materia?

251 2881 294 2939 ill.
317 2881 490 2943 Materia
505 2883 606 2944 Boetii
624 2889 697 2944 sunt
715 2882 947 2961 philosophicae
964 2883 1181 2943 consolatrices
1192 2883 1345 2960 sapien-30

163 2964 227 3025 tiae
242 2966 278 3026 de
295 2968 406 3045 quihus
422 2970 490 3048 agit
512 2971 544 3030 in
566 2971 622 3032 hoc
640 2991 738 3048 opere.
763 2969 943 3030 Intendit
964 2978 1066 3029 autem
1081 2970 1140 3029 iste
1156 2971 1310 3048 quoslihet

163 3052 288 3113 miseros
312 3055 344 3113 in
368 3056 498 3116 miseriis
521 3057 697 3119 laborantes
721 3077 757 3116 ex
779 3056 846 3136 ipsa
874 3056 997 3116 miseria
1026 3058 1183 3117 retrahere
1210 3070 1241 3116 et
1272 3057 1310 3116 ad

163 3139 229 3199 veri
252 3141 322 3200 boni
346 3144 491 3204 noticiam
514 3164 569 3223 per
592 3144 696 3204 mundi
720 3148 925 3222 contemptum
948 3143 1124 3205 informare.

250 3226 288 3286 Ι).
312 3227 374 3300 Qui
402 3236 481 3304 sunt,
505 3252 592 3309 rogo,
616 3231 719 3292 miseri
747 3235 778 3290 et
809 3250 884 3308 quae
914 3231 1048 3290 maxima
1071 3231 1156 3291 vitae
1184 3234 1308 3290 nostrae

164 3313 311 3373 miseria?
1318 3315 1345 3358 35

235 3468 264 3506 15
274 3464 376 3534 dolore]
396 3466 495 3519 labore.

235 3534 277 3602 22]
296 3535 324 3586 in
337 3535 384 3588 der
393 3534 606 3602 Wiederholung
620 3553 675 3589 von
692 3537 834 3590 ‘inferiora'
852 3537 958 3592 soheint
973 3536 1017 3589 ein
1027 3536 1125 3590 Fehler
1138 3554 1172 3589 zu
1188 3536 1308 3590 steoken.

234 3690 276 3759 15]
296 3691 431 3755 Boeth.‚
458 3710 544 3757 cons,
570 3692 615 3746 lib.
634 3693 660 3755 I,
687 3696 764 3746 metr.
784 3695 807 3757 7,
827 3693 859 3746 V.
879 3695 912 3746 25
930 3695 972 3746 ff.:
998 3694 1112 3748 Gurcdr'u
1128 3695 1212 3762 pelle,
1237 3695 1308 3747 Pelle

161 3759 283 3812 timorem
301 3761 430 3828 Sparsaque
445 3763 543 3829 sapato
562 3763 619 3817 Nec
637 3761 715 3814 ἀοῖον
734 3762 816 3816 adsit.

234 3831 441 3952 mpumsneds‘
462 3832 530 3884 oben
548 3831 589 3895 39,
609 3833 639 3893 5;
657 3831 699 3894 48,
721 3832 759 3884 19.

233 3903 273 3951 2⁶.
286 3903 325 3950 33.
338 3899 363 3967 3]
403 3899 545 3954 'eWhrter
564 3904 682 3957 ‘trames
695 3900 853 3970 (summum)
872 3902 980 3963 bonurn,
1000 3900 1161 3968 ignorantia’
1180 3900 1309 3953 konnnen

163 3966 207 4019 bei
224 3967 340 4021 Boeth.
365 3968 458 4036 hhufig
481 3987 544 4033 vor,
569 3987 599 4023 so
618 3987 640 4021 a.
660 3970 690 4021 B.
709 3969 754 4023 lib.
773 3970 826 4032 ΙΙΙ,
852 3988 933 4040 prosa
952 3970 977 4023 ll
996 3972 1031 4040 (p.
1051 3971 1096 4035 53,
1121 3971 1154 4023 50
1173 3970 1214 4022 ed.
1232 3969 1308 4038 Pph:

163 4037 332 4089 aninzusfa
345 4037 442 4089 honrem
460 4054 592 4092 curtinum
610 4039 714 4106 repetit,
740 4039 787 4092 sed
805 4041 878 4093 velut
896 4039 986 4092 ebrius
1005 4040 1111 4092 doruruc
1130 4055 1181 4106 quo
1200 4040 1309 4092 horode

164 4112 316 4159 revertatur·
333 4111 345 4157 τ’
365 4113 451 4160 uolut.

236 4124 367 4229 cunundi
386 4176 468 4245 cont]
488 4195 509 4230 s.
530 4177 651 4230 obenan
670 4178 711 4241 57,
732 4178 771 4230 16.
