3074 4854
640 225 855 282 ..39-

180 397 259 456 nihil
291 396 434 474 ponderis
464 394 623 470 habentia,
652 402 759 473 utpote
791 394 878 472 quasi
911 415 1001 455 sonus
1025 393 1101 454 levis
1124 395 1324 468 transeuntia,

181 485 263 544 aliud
287 484 393 543 divina
417 482 544 559 eloquia,
568 503 644 559 quae
668 483 796 542 fundata
827 489 858 540 et
880 490 1004 541 aeterna
1028 488 1099 540 sunt
1121 482 1256 559 spiritali
1279 482 1324 541 in-

180 571 366 649 telligentia.
411 572 456 630 Et
481 572 582 642 verba,
613 571 703 629 immo
734 571 843 629 literae
874 569 1026 646 simplices
1056 574 1087 628 et
1115 569 1213 627 nudae
1235 569 1324 646 signa

181 658 327 736 quaedam
351 655 605 719 sensus'latentis
628 662 717 732 sunt,
749 655 800 715 sed
823 657 916 714 verbo
939 654 1124 716 immutabili
1145 660 1176 714 et
1200 663 1323 716 aeterno

179 746 269 823 longe
291 744 453 804 dissimilia
474 751 560 815 sunt;
584 750 721 820 putasne,
743 763 809 802 cum
834 743 959 802 ‘caelum
984 749 1014 803 et
1029 747 1110 801 terra
1131 741 1346 815 transibunt',5

181 832 349 908 Hesopicae
376 831 498 890 fabulae
521 830 693 889 durabunt?
724 850 828 888 verum
856 832 959 889 ‘verba
990 829 1105 889 domini
1127 849 1187 889 non
1215 829 1324 889 transi·

181 921 276 979 bunt.q
322 918 425 977 Genus
455 917 574 996 quidem
608 937 701 976 unum
729 923 776 975 est
808 917 841 976 in
864 916 964 976 literis
991 936 1244 994 quarumcumque
1267 917 1323 975 lin·

180 1025 306 1082 guarum
337 1004 402 1064 sive
425 1005 590 1080 loquantur
618 1003 655 1063 ad
679 1003 766 1067 fidem
790 1003 933 1064 veritatis
961 1023 1012 1063 seu
1035 1009 1215 1080 promantur
1245 1003 1322 1063 serie

180 1091 344 1163 t'alsitatis;
366 1090 418 1150 sed
440 1090 569 1167 quadam
592 1091 784 1151 differentiae
808 1090 906 1169 specie
930 1087 1179 1150 diversificantur
1203 1110 1238 1149 ex
1261 1092 1323 1150 ine·

185 1177 605 1256 qualitatesignificationis.
663 1171 665 1174 ’
1333 1186 1358 1228 10

267 1265 310 1351 1),
329 1265 425 1324 Verbi
448 1265 571 1341 gratia?

266 1352 309 1411 M.
333 1352 456 1424 Dicam;
480 1350 715 1411 innumerabiles
738 1350 876 1428 gentium
904 1349 947 1409 dii
970 1349 1123 1410 dicuntur:
1155 1349 1228 1408 Beel
1251 1349 1324 1409 deus

180 1438 424 1510 Babiloniorum‚
456 1439 565 1517 Dagon
588 1438 659 1498 deus
684 1438 931 1511 Philistinorum,
962 1437 1033 1497 deus
1057 1438 1197 1496 Accaron
1220 1441 1266 1507 et,
1288 1442 1325 1495 ut

180 1525 316 1585 breviter
338 1525 530 1597 concludam,
558 1531 607 1585 tot
639 1525 738 1584 cultus
761 1524 883 1585 deorum
908 1529 982 1601 quot
1009 1529 1128 1584 tractus
1156 1522 1323 1600 regionum,

180 1612 231 1671 sed
255 1618 301 1672 est
323 1632 400 1672 unus
424 1633 513 1673 verus
537 1612 618 1684 deus,
641 1631 694 1672 rex
714 1613 875 1677 caelorum,
912 1611 993 1670 Deus
1010 1631 1109 1679 verus,
1132 1609 1203 1670 deus
1227 1610 1322 1669 falsus
1332 1618 1358 1660 15

180 1699 320 1777 geminae
344 1700 489 1772 sillabae‚
518 1699 569 1759 sed
593 1700 804 1758 discernuntur
827 1698 1064 1776 significationis
1088 1698 1197 1774 specie.
1242 1697 1323 1757 Deus

179 1786 280 1862 igitur
290 1789 429 1846 Accaron
443 1786 583 1846 nonnihil
597 1785 760 1860 significat,
774 1786 846 1845 deus
864 1784 1013 1845 caelorum
1030 1791 1060 1844 et
1070 1785 1126 1844 hoc
1139 1804 1192 1844 sua
1207 1782 1323 1861 signifi-

179 1873 299 1932 catione
311 1892 370 1932 non
387 1883 487 1947 caret,
509 1873 714 1931 differentiam
730 1873 841 1932 adhibe
852 1877 883 1931 et
894 1872 1012 1931 videbis
1022 1871 1139 1950 pondus
1152 1870 1321 1951 utriusque.

267 1958 306 2018 Ι).
328 1960 396 2020 Non
409 1959 545 2037 negabis
569 1967 603 2017 ut
626 1958 769 2033 arbitror,
792 1967 899 2037 poetas
913 1965 1087 2036 compactae
1100 1958 1233 2017 vanitati
1250 1977 1322 2017 suae

178 2045 317 2105 nonnihil
332 2046 485 2106 interdum
497 2045 642 2106 veritatis
658 2046 813 2116 adiecisse,
838 2046 930 2105 etiam
945 2047 1012 2106 sine
1023 2045 1180 2105 historiali
1191 2044 1360 2106 rationem

266 2133 309 2191 Μ.
332 2132 484 2210 Quicquid
512 2133 543 2192 in
576 2133 710 2209 homine,
740 2133 814 2192 licet
839 2132 953 2212 perfido
985 2138 1016 2192 et
1045 2132 1157 2209 impio,
1180 2132 1323 2192 veritatis

178 2239 317 2296 umquam
339 2220 473 2279 inveniri
492 2219 601 2297 potuit,
622 2221 685 2280 eius
708 2221 768 2279 fuit
790 2221 842 2296 qui
863 2220 1014 2280 hominem
1028 2220 1145 2280 creavit
1161 2224 1192 2279 et
1207 2219 1324 2280 homini

179 2307 265 2366 dedit
289 2306 368 2383 quod
392 2307 480 2367 homo
503 2327 558 2384 per
580 2326 612 2366 se
634 2325 693 2366 non
718 2307 835 2368 habuit.
882 2307 961 2366 Sunt
986 2307 1084 2383 igitur
1105 2307 1138 2365 in
1162 2307 1325 2366 literatura

178 2394 307 2454 seculari
341 2396 501 2453 verborum
543 2393 689 2470 quaedam
727 2395 816 2471 signa
855 2392 972 2472 aliquid
1010 2394 1234 2470 significantia,
1272 2392 1324 2453 sed

178 2479 313 2558 spiritali
342 2479 570 2558 intelligentiae
606 2480 730 2540 minime
761 2480 992 2558 compendentia
1020 2501 1075 2541 nec
1112 2481 1150 2540 ad
1180 2480 1359 2540 veritatis25

178 2568 328 2627 rationem
370 2569 556 2645 expressiva.
617 2567 822 2627 Attendamus
862 2587 934 2645 ergo
965 2567 1121 2627 Sedulium
1157 2568 1190 2627 in
1224 2566 1324 2628 literis

179 2653 374 2732 ewangelicis
391 2654 535 2727 sedulum,
549 2655 700 2714 hominem
710 2654 868 2714 vernantis
879 2655 1022 2734 periciae,
1035 2655 1168 2715 fructum
1179 2654 1325 2714 scientiae

179 2761 251 2799 suae
274 2741 505 2817 dispertientem
530 2741 683 2802 ecclesiae.
730 2741 790 2814 Qui
813 2741 920 2802 videns
950 2761 1003 2801 suo
1027 2746 1164 2820 tempore
1183 2742 1216 2801 in
1236 2740 1325 2801 disci·

180 2828 275 2905 plinis
299 2828 468 2888 scolaribus
491 2828 653 2905 gentilium
677 2828 824 2888 librorum
848 2829 953 2888 nenias
976 2829 1035 2890 teri
1059 2832 1091 2887 et
1110 2829 1217 2889 literas
1234 2828 1324 2889 eccle·

180 2914 322 2976 siasticas
345 2936 469 2993 prorsus
494 2936 511 2974 a
534 2915 728 2974 studentibus
743 2914 869 2992 negligi,
894 2916 931 2975 ad
955 2935 1140 2977 communem
1156 2915 1359 2974 utilitatem³⁰

179 3007 357 3061 convertens
385 3003 533 3062 calamum
563 3003 688 3062 metrice
718 3003 849 3062 resolvit
888 3004 1097 3080 evangelium,
1128 3002 1323 3080 parvulorum

177 3088 344 3164 primordia
364 3089 407 3148 sic
420 3090 566 3159 imbuens,
589 3095 624 3148 ut
643 3089 745 3148 inluso
762 3090 904 3149 veritatis
923 3089 1032 3166 poculo
1051 3089 1200 3149 falsitatis
1216 3089 1323 3149 amodo

178 3194 236 3233 non
261 3175 486 3236 delectarentur
509 3176 676 3238 absinthio.
714 3176 866 3254 Quicquid
890 3178 968 3236 enim
991 3185 1098 3236 tenera
1114 3186 1198 3236 aetas
1215 3176 1322 3253 primis

178 3261 334 3322 imbiberit
357 3265 453 3332 annis,
478 3263 576 3322 artius
600 3264 715 3322 retinet
738 3263 776 3322 ad
799 3267 932 3324 fructum
954 3264 1038 3323 vitae
1060 3264 1270 3341 provectioris,

249 3463 364 3531 14quot]
383 3464 462 3531 quod.

266 3655 291 3724 5]
310 3660 425 3730 putasne
444 3657 512 3709 wird
530 3657 599 3710 auch
618 3658 655 3710 im
676 3657 752 3727 Spec.
770 3659 846 3726 Virg.
865 3676 933 3726 geru
952 3660 1122 3725 angewandt.

266 3725 412 3846 bip-,Citat
430 3743 479 3780 aus
498 3727 586 3780 Lucas
606 3728 646 3786 21,
666 3728 707 3780 33.

248 3798 277 3836 ‘27
343 3812 408 3861 ugo
426 3813 454 3848 v.
473 3795 614 3862 Trimberg
632 3796 665 3849 V.
684 3797 746 3849 404:
766 3795 894 3850 Seuerou
912 3801 994 3864 quum
1013 3799 1120 3852 dolum
1139 3801 1251 3852 secans!

247 3868 277 3905 29
311 3865 432 3929 ‘neniae’,
451 3865 622 3918 verachtlich
632 3883 687 3917 von
697 3865 873 3919 heidnisohen
885 3865 1047 3921 Klassikern
1064 3872 1169 3936 gesagt,
1188 3869 1225 3920 ist
1242 3868 1320 3922 nicht

176 3931 272 3997 selten,
293 3949 323 3985 so
341 3932 384 3985 bei
403 3933 460 3986 Odo
478 3952 504 3986 ν.
525 3934 620 4004 Cluny,
639 3935 732 4000 hligne
753 3935 811 3996 133,
831 3936 879 3988 col.
898 3936 940 3989 49.
960 3937 1001 3991 89.

264 4001 338 4070 321]
358 4020 391 4054 zu
412 4003 545 4071 ‘poculum
565 4035 596 4041 -
616 4003 782 4056 absinthium
801 4005 856 4070 vgl.
876 4005 918 4058 die
937 4025 990 4060 von
1009 4006 1164 4072 Quintilian.
1196 4007 1259 4061 inst.
1280 4025 1317 4060 or.

176 4070 229 4134 ΙΙΙ,
257 4072 283 4136 1,
309 4072 327 4124 4
360 4071 415 4124 und
439 4090 494 4124 von
518 4073 702 4143 Hieronymus
724 4073 816 4139 Migne
841 4075 888 4137 22,
917 4076 981 4128 1131
1011 4077 1135 4129 citierten
1159 4076 1245 4130 Verse
1270 4077 1319 4130 des

175 4140 279 4193 Lukrez
306 4141 325 4201 l,
351 4141 401 4193 936
420 4141 461 4206 ff,
487 4141 532 4204 lV,
554 4143 583 4194 11
603 4143 630 4194 ff.
650 4172 682 4180 -
701 4142 940 4209 Augustinus,
966 4146 999 4198 de
1024 4145 1075 4198 cir.
1095 4146 1137 4199 dei
1158 4147 1185 4211 l,
1212 4146 1228 4198 3
1252 4147 1318 4200 iiber

175 4209 392 4276 Vergillektiire:
421 4215 505 4279 porto
527 4227 643 4279 rrrrrpnns
664 4232 715 4263 aa
740 4215 838 4266 terreris
863 4214 979 4268 ebibitus
1006 4215 1136 4268 notorie
1160 4232 1214 4268 non
1233 4216 1319 4282 focile
