3074 4854
680 218 895 275 „24-

222 385 274 445 sed
297 385 379 445 inter
393 387 552 465 prologum
568 394 599 448 et
611 388 734 448 titulum
748 390 804 449 hoc
821 389 958 461 interest,
981 390 1060 467 quod
1081 388 1192 449 titulus
1212 394 1365 450 auctorem

223 476 253 531 et
275 472 354 531 unde
376 479 490 534 tractet
514 475 649 535 breviter
670 475 786 547 innuit,
814 476 960 553 prologus
991 497 1061 536 vero
1084 476 1212 536 docilem
1234 476 1312 536 facit
1336 483 1365 536 et

223 559 372 620 intentum
396 567 428 619 et
451 561 624 622 benivolum
647 561 748 622 reddit
760 563 904 632 lectorem
920 562 968 622 vel
989 562 1166 624 auditorem.
1191 565 1250 623 Est
1265 567 1365 623 autem

109 655 173 702 sust
185 657 212 700 81
223 646 319 706 omnis
343 646 564 725 prologusiaut
587 649 806 728 apollogeticus
831 654 885 708 aut
905 649 1192 729 commendatioius;
1215 651 1264 709 vel
1287 650 1366 710 euim

187 744 200 785 5
223 753 254 793 se
276 740 401 793 excusat
423 739 478 794 aut
501 736 705 808 commendat;
729 736 857 815 denique
880 736 990 796 titulus
1014 736 1103 796 libris
1126 736 1275 810 omnihus,
1298 756 1367 815 pro·

224 821 311 896 logus
346 841 418 881 vero
448 823 573 882 comicis
603 823 811 901 prosaicisque
840 822 1021 901 praefigitur
1054 823 1143 883 libris
1173 827 1204 883 et
1236 822 1307 901 quid
1336 828 1375 883 et·

224 907 371 984 quomodo
394 908 443 969 vel
467 929 559 986 quare
582 910 729 987 seriptum
753 910 802 970 vel
824 908 984 987 legendum
1008 910 1050 970 sit
1073 910 1219 988 explicat.

309 994 347 1053 D.
371 995 468 1072 Iunge
501 1017 577 1074 quae
609 997 651 1057 sit
681 995 856 1057 differentia
885 996 965 1056 iuter
987 1001 1141 1057 auctorem
1162 1002 1283 1075 poetam
1306 994 1367 1055 his-

223 1080 426 1158 toriografum
450 1087 715 1144 commentatorem
739 1089 840 1144 vatem
864 1084 1067 1161 expositorem
1091 1084 1318 1146 sermonarium.

188 1163 214 1204 1⁰
312 1170 354 1227 Μ.
378 1169 506 1248 Accipe:
530 1176 667 1230 auctor
689 1172 727 1229 ab
759 1170 896 1248 augendo
920 1170 1034 1230 dieitur
1056 1190 1090 1230 eo
1113 1171 1192 1248 quod
1215 1170 1289 1230 stilo
1303 1177 1366 1229 'suo

224 1275 323 1315 rerum
348 1265 436 1333 gesta
460 1259 509 1318 vel
531 1257 664 1334 priorum
688 1257 771 1317 dicta
793 1256 843 1318 vel
866 1257 1005 1318 docmata
1028 1257 1190 1335 adaugeat.
1229 1256 1367 1317 Historia

224 1346 270 1401 est
292 1363 339 1402 res
353 1343 429 1413 visa,
453 1363 499 1403 res
523 1349 627 1421 gesta3
651 1343 783 1404 historin
808 1343 888 1404 euim
911 1364 1018 1421 graece
1034 1343 1136 1410 latine,
1144 1343 1223 1404 visio
1245 1343 1367 1415 dicitur,

224 1428 303 1488 unde
326 1428 646 1508 historiografus
668 1430 714 1490 rei
726 1431 810 1490 visae
830 1429 963 1509 scriptor
979 1431 1102 1493 dicitur.
1138 1431 1233 1491 Porro
1256 1436 1368 1509 poeta

225 1516 314 1576 fictor
347 1517 398 1576 vel
423 1518 571 1578 formator
598 1517 712 1578 dicitur
742 1538 776 1578 eo
810 1516 889 1596 quod
921 1538 976 1595 pro
999 1517 1080 1578 veris
1110 1517 1189 1577 falsa
1212 1517 1296 1577 dicat
1319 1517 1369 1576 vel

189 1596 216 1638 15
226 1603 312 1662 falsis
335 1602 487 1663 interdum
510 1624 583 1664 vera
605 1606 807 1666 commisceat.
850 1605 972 1664 Vates
1002 1604 1075 1664 avi
1107 1603 1218 1664 mentis
1241 1603 1368 1677 dicitur3

227 1710 337 1768 magua
359 1691 437 1749 euim
455 1692 503 1750 vis
519 1692 630 1752 mentis
650 1697 697 1752 est
719 1691 938 1770 perspicaciter
958 1693 1129 1752 futurorum
1153 1690 1269 1751 iutuitu
1281 1709 1369 1768 prae-

226 1777 326 1837 sentia
355 1797 550 1855 praecurrere
582 1785 613 1838 et
636 1785 779 1852 ventura,
813 1778 900 1857 quasi
928 1798 1000 1856 prae
1023 1779 1118 1839 oculis
1141 1777 1219 1851 sint,
1249 1777 1368 1838 demon-

226 1868 335 1924 strare.
375 1863 706 1926 commentatores
722 1871 794 1925 sunt
808 1866 860 1944 qui
876 1866 976 1926 solent
997 1886 1035 1924 ex
1052 1864 1157 1944 paucis
1175 1864 1271 1924 multa
1287 1863 1369 1942 cogi·

227 1955 293 2009 tare
311 1955 342 2010 et
355 1952 484 2011 obscura
499 1952 580 2013 diota
597 1954 724 2013 aliorum
744 1952 919 2013 dilucidare.
942 1955 1076 2030 Expos
1087 1952 1209 2013 itores
1227 1957 1300 2012 suut
1316 1951 1369 2029 qui

317 2088 340 2156 1]
361 2088 454 2141 Bern.
474 2088 546 2141 Tra
552 2087 588 2157 j.:
616 2088 695 2140 Inter
721 2087 830 2141 titutum
857 2093 881 2140 et
904 2089 1047 2156 proloquor
1075 2087 1124 2140 hoc
1151 2087 1268 2149 interest,
1296 2084 1369 2154 quod

227 2155 323 2209 titulus
347 2163 481 2210 auctorem
510 2157 581 2210 uode
605 2162 703 2211 tractet
731 2157 845 2210 breviter
867 2156 966 2220 innuit,
988 2157 1118 2223 prolapus
1143 2162 1231 2207 autem
1254 2154 1321 2222 quid
1344 2159 1370 2207 et

227 2225 356 2293 quomodo
374 2228 416 2279 rel
434 2243 518 2294 quare
536 2227 723 2295 scripturiret
741 2225 879 2295 dependam
898 2225 948 2288 sit3
967 2232 1111 2293 praetereo
1134 2225 1231 2277 titulus
1249 2223 1367 2286 docilem,

224 2295 354 2363 proloyus
371 2310 433 2348 uero
451 2295 564 2349 docilem
588 2302 613 2348 et
631 2301 761 2350 attentam
785 2301 811 2348 et
827 2295 979 2347 benevolum
997 2293 1090 2346 reddit
1112 2294 1243 2356 lectorem3
1271 2292 1309 2345 T*
1329 2290 1369 2344 Τ2

226 2363 316 2416 hieten
333 2365 371 2417 im
389 2364 628 2418 Cato-Abschnitt:
646 2365 806 2487 prolepsim,
833 2364 864 2416 iu
888 2379 940 2430 quo
964 2379 1011 2415 ¹uos
1038 2368 1154 2415 attentos
1181 2360 1267 2430 (hiess
1284 2360 1311 2413 in
1330 2360 1369 2413 Τ1

227 2434 357 2486 ‘intentos’
384 2434 436 2487 wie
463 2434 534 2488 auch
552 2435 644 2487 Konra
687 2433 746 2502 hat)
768 2433 868 2486 dociles
886 2432 1021 2484 benivolos
1042 2431 1105 2496 fieri
1123 2430 1270 2492 desiderum
1299 2446 1369 2495 ganz

157 2568 160 2572 .
227 2501 338 2555 ahulich
356 2503 394 2556 T¹
411 2503 449 2556 im
467 2502 616 2557 Ahschuitt
633 2504 700 2556 dher
718 2503 760 2556 die
778 2503 923 2556 Paradoxe
940 2499 1033 2564 Tullia
1056 2502 1136 2567 Hugo
1156 2500 1189 2553 de
1207 2499 1234 2553 S.
1250 2497 1368 2563 Victore,

226 2571 320 2638 Migne
340 2572 397 2637 176,
417 2572 479 2637 880;
498 2572 609 2637 Allium,
629 2572 722 2640 Migne
742 2573 799 2634 101,
818 2572 868 2625 629
886 2571 905 2623 f.
912 2591 918 2634 ;
938 2571 987 2623 das
1005 2568 1160 2623 klassisohe
1178 2568 1298 2632 Vorhild
1318 2569 1368 2621 das

227 2640 298 2694 auch
316 2641 410 2706 isidor,
430 2660 467 2694 or.
486 2643 519 2708 H,
534 2643 557 2706 7,
568 2643 584 2695 2
596 2659 647 2695 vor
656 2640 753 2708 Augen
771 2640 827 2705 hat,
846 2639 988 2693 istRhet.
1004 2640 1045 2692 ad
1062 2639 1136 2692 Her.
1155 2639 1175 2703 I,
1194 2639 1218 2703 4,
1238 2639 1268 2691 6:
1288 2637 1369 2689 Priu-

227 2710 330 2779 cipium
349 2729 392 2762 μ
410 2712 450 2764 itu
469 2712 597 2776 sumitur,
624 2717 654 2764 ut
673 2716 800 2775 attentos,
826 2715 857 2764 ut
879 2708 989 2772 ducitae,
1017 2714 1048 2763 ut
1071 2708 1207 2762 beneroles
1231 2706 1371 2759 auditores

226 2779 324 2832 habere
341 2781 488 2849 possirrrrrs3
509 2779 630 2834 Cicero
649 2780 686 2832 de
705 2782 794 2832 orat.
813 2780 847 2842 ΙΙ,
858 2779 898 2842 19,
912 2778 957 2831 80:
976 2778 1071 2830 iubent
1088 2778 1158 2830 euim
1176 2775 1301 2829 exordiri
1318 2775 1369 2841 ita,

226 2855 258 2902 ui
276 2865 334 2901 erim
359 2851 408 2916 qui
431 2849 531 2902 audiat
555 2849 708 2902 benevolum
731 2848 809 2902 uobis
830 2847 966 2911 faciamus
990 2853 1015 2900 et
1038 2847 1149 2901 docilem
1173 2853 1199 2900 et
1224 2851 1370 2910 attentum

227 2916 282 2985 vgl.
303 2918 373 2971 auch
391 2921 475 2972 uuten
493 2919 545 2972 den
563 2916 711 2972 Abschnitt
728 2918 795 2970 tiber
813 2915 952 2970 Boethius.

316 2987 341 3056 1]
361 2988 401 3041 Τ1
419 3006 464 3041 am
482 2987 596 3041 Schluss
615 2988 662 3041 des
680 2985 805 3040 Artikels
824 2986 1005 3039 iiherHoraz:
1024 2985 1103 3038 habet
1121 2985 1209 3052 ipitur
1226 2983 1297 3052 quod
1307 2998 1370 3052 pro-

227 3056 289 3126 lopo
307 3059 444 3122 converit,
463 3074 521 3109 cum
540 3057 730 3110 excusatorias
745 3055 957 3123 praecessores
975 3053 1211 3108 commendaticias
1229 3053 1272 3106 sit.

316 3125 342 3194 5]
361 3127 457 3180 Bern.
477 3125 579 3195 Traj.:
599 3131 624 3178 et
641 3126 742 3179 titulus
762 3140 850 3193 poene
875 3123 1008 3186 omuibus,
1033 3123 1163 3192 prolapus
1180 3137 1243 3175 vero
1262 3121 1371 3176 comicis

224 3195 411 3263 prosaicisque
427 3195 593 3264 praeripitur
611 3195 696 3248 libris.

316 3263 401 3332 6quid
419 3268 448 3318 et
466 3265 599 3334 quomodo
617 3282 643 3318 u.
663 3281 684 3318 s.
703 3264 748 3333 ra]
767 3281 789 3316 s
809 3263 878 3316 oben
896 3279 930 3315 zu
948 3262 975 3314 Z.
996 3262 1018 3314 1.

302 3335 342 3403 10]
362 3334 455 3388 Beru.
475 3333 581 3403 Trai:
613 3339 735 3387 auctores
760 3347 788 3384 co
813 3332 886 3400 quod
908 3331 1024 3385 latinam
1046 3335 1166 3398 supeant
1186 3329 1309 3399 linquam
1331 3329 1372 3381 cei

229 3401 301 3470 quod
319 3408 383 3456 ueta
402 3403 471 3455 idest
488 3403 618 3456 historias
641 3403 764 3456 scribunt
787 3403 828 3455 rel
854 3417 872 3454 α
889 3415 986 3469 praeeo
1005 3405 1131 3453 autentas
1149 3398 1221 3467 quod
1240 3404 1277 3451 esi
1293 3398 1371 3466 pric-

229 3471 336 3540 cipale5
354 3473 409 3539 vgl.
430 3472 520 3535 Isid,
541 3490 578 3525 or.
598 3472 630 3536 X,
650 3473 680 3525 2:
701 3477 798 3525 auctor
816 3471 849 3523 ub
868 3469 992 3540 (rupendo
1010 3469 1108 3522 dietus.

301 3546 329 3582 11
363 3540 405 3594 die
416 3541 590 3608 Bemerkuug
607 3542 674 3594 tiber
691 3540 805 3594 historia
824 3540 900 3593 steht
918 3538 1030 3592 sunrich
1049 3538 1113 3591 aber
1131 3536 1208 3589 nicht
1226 3536 1316 3603 gleich
1329 3534 1372 3589 bei

230 3610 309 3663 Bern.
351 3610 400 3680 raj.
419 3611 475 3663 und
492 3610 564 3674 Isid.‚
584 3628 621 3664 or.
639 3611 658 3676 Ι,
678 3610 713 3663 40
731 3609 866 3679 (ἱστορεῖν),
907 3677 913 3688 .
1132 3675 1137 3686 ι
1341 3673 1347 3684 .

302 3679 343 3748 13]
363 3680 460 3733 Bern.
485 3679 586 3749 Traj.:
614 3685 710 3748 poetae
735 3680 781 3746 qui
797 3679 875 3744 salso
901 3679 1051 3730 immisceret
1078 3691 1164 3739 aerim
1189 3680 1279 3742 poetes
1302 3689 1372 3725 emm

229 3747 308 3813 {ictor
326 3750 367 3802 uel
381 3748 513 3814 formator
530 3764 626 3801 souare
644 3749 765 3811 videtum
796 3748 834 3801 T¹
851 3747 889 3800 im
907 3744 1057 3800 Abschnitt
1078 3745 1144 3797 dher
1161 3745 1266 3796 Horaz:
1291 3748 1373 3811 poeta

230 3817 394 3898 idestjictor
411 3819 452 3901 oet
468 3819 612 3882 formatem
630 3818 685 3885 vgl.
705 3817 798 3882 Isid,
818 3835 855 3870 or.
873 3816 947 3877 VIII,
968 3815 1018 3880 7,1
1039 3811 1259 3883 (ηεοὴδιιθὲοη)ε
1278 3827 1373 3880 poema

231 3906 269 3937 μ
282 3890 676 4026 θῗιὸῗιξθξοιιεᾚτέἴειαέἆιεε
694 3972 711 4007 c
734 3957 763 4009 oi
774 3956 870 4008 awritis
888 3953 935 4022 qui
947 3956 1049 4022 futura
1063 3951 1375 4033 praedicere'dieuniur

232 4026 273 4078 oei
291 4031 358 4094 quia
376 4025 469 4078 inserti
486 4025 655 4079 habebuntur
678 4026 719 4078 vel
738 4042 755 4078 o
773 4024 880 4079 ciendis
899 4024 975 4079 idest.
989 4023 1127 4092 flectendis
1150 4021 1318 4075 carminibus
1336 4020 1374 4141 pa

232 4096 353 4148 uersibus
371 4095 484 4148 cierrdis’
505 4095 554 4148 hat
572 4095 656 4148 schon
675 4094 801 4159 Varro,
822 4094 854 4146 de
872 4091 936 4160 ling.
955 4092 1072 4157 latVII,
1093 4092 1138 4155 36;
1157 4091 1212 4158 vgl.
1226 4089 1338 4144 IsidVI
1353 4089 1372 4152 Ι,

233 4165 256 4229 7,
275 4164 652 4234 3]»⁴eommerrtutorcs
668 4169 730 4217 sunt
749 4165 797 4232 qui
815 4162 909 4216 breuia
932 4163 974 4216 oet
998 4163 1112 4216 obscura
1135 4161 1252 4214 aliorum
1271 4158 1374 4227 scripta

232 4235 335 4303 serr'pto
354 4233 517 4288 dilucidant.
