3074 4854
640 266 854 323 -25-

180 435 301 495 mistica
324 434 406 494 diota
429 454 532 494 sacrae
556 433 726 513 scripturae
756 433 926 502 resolvunt,
955 432 1186 493 sermonarii
1210 432 1261 510 qui
1285 433 1321 493 ad

178 521 399 583 edificationem
414 521 587 581 auditorum
598 541 750 582 sermones
765 519 991 582 exhortatorios
1008 520 1044 581 de
1058 520 1179 580 diversa
1195 520 1323 579 materia

179 615 372 687 componunt.
404 609 545 668 Poema
561 613 608 668 est
627 629 701 686 opus
722 609 817 687 ipsius
832 612 939 684 poetae
956 611 988 667 et
1004 608 1060 667 hoc
1077 626 1177 680 unum,
1193 607 1322 685 poesis

167 715 256 773 ,opus
280 695 445 755 multorum
468 695 624 767 librorum,
646 696 805 772 poetria
828 695 878 754 vel
899 692 1040 773 poetrida-
1062 693 1170 753 mulier
1193 692 1322 754 carmini

179 783 312 843 studens.
359 781 512 841 Fabula
535 790 582 843 est
605 781 685 861 qnod
707 802 804 860 neque
826 785 945 859 gestum
973 786 1097 841 estnec
1121 779 1187 858 geri
1210 780 1321 858 potuit.
1344 792 1358 834 a

264 895 304 954 Ι).
327 895 373 954 De
395 893 545 973 qualitate
568 895 735 955 carminum
760 899 858 957 restat
880 900 912 955 te
926 892 1029 972 aliqua
1047 892 1227 966 subinferre,
1251 893 1323 971 quia

179 1002 292 1060 magna
315 981 526 1060 distinguntur
548 981 736 1044 diversitate.

264 1094 308 1153 Μ.
330 1094 422 1154 quta
438 1093 561 1154 libitum
574 1094 707 1156 auctoris
720 1094 852 1172 qualitas
865 1092 1014 1172 processit
1026 1093 1185 1168 carminis;
1201 1097 1249 1154 est
1264 1092 1322 1170 igi·

180 1185 231 1240 tur
250 1172 371 1240 carmen
398 1181 619 1242 bucolicum
642 1181 720 1242 idest
735 1180 903 1258 pastorale,
930 1179 1118 1241 cornicum
1134 1181 1214 1242 idest
1233 1179 1321 1241 villa-

103 1269 105 1273 ’
179 1267 681 1344 num,comosenimvilladioitnr3
700 1269 899 1346 tragicum
915 1286 974 1345 quo
985 1267 1126 1345 publicae
1136 1289 1183 1328 res
1192 1274 1223 1329 et
1233 1273 1321 1346 gesta
1333 1279 1357 1321 10

178 1358 336 1432 potentum
351 1355 502 1415 scelerosa
517 1354 739 1428 describuntur,
761 1360 868 1432 tragos
888 1354 968 1415 enim
982 1374 1090 1432 graece
1106 1355 1202 1416 latine
1219 1355 1321 1415 hircus

178 1440 292 1501 dicitur
306 1441 359 1520 qui
381 1441 512 1502 dabatur
524 1441 683 1503 recitatori
695 1441 862 1502 carminum
877 1461 933 1519 pro
947 1441 1062 1519 precio,
1078 1448 1125 1501 est
1150 1447 1181 1503 et
1201 1461 1322 1502 carmen

179 1527 402 1598 satiricum,
419 1528 498 1606 qnod
510 1529 590 1590 vitia
602 1534 712 1590 cuncta
721 1527 927 1608 reprehendit,
940 1547 958 1587 a
973 1528 1088 1606 satyris
1104 1528 1218 1589 dictum
1232 1527 1321 1588 nudis

180 1621 211 1675 et
226 1613 413 1688 ridentibus,
428 1615 499 1693 qnia
520 1617 575 1677 hoc
590 1615 724 1677 carmine
740 1616 850 1676 viciosi
866 1635 964 1675 mores
980 1615 1173 1675 denudantur
1188 1621 1219 1676 et
1241 1615 1321 1676 deri-

178 1701 296 1769 dentur,
309 1701 386 1762 vela
404 1706 512 1780 satyra
523 1703 604 1763 idest
615 1703 745 1764 scutella
761 1723 873 1780 magna
890 1723 966 1781 quae
976 1701 1107 1762 diversis
1122 1703 1212 1782 plena
1227 1702 1322 1779 frugi·
1333 1710 1357 1752 15

177 1789 233 1849 hus
251 1788 300 1848 vel
322 1787 392 1848 aliis
409 1788 566 1867 speciebus
584 1789 643 1850 diis
667 1790 868 1864 offerebatnr;
892 1790 949 1850 hoc
967 1793 1068 1849 autern
1086 1808 1160 1866 opus
1176 1789 1290 1850 dicitur
1305 1809 1322 1847 a

178 1880 284 1953 satyra
314 1874 347 1934 in
371 1896 429 1953 qua
451 1881 524 1936 sunt
546 1876 621 1937 odae
643 1877 693 1938 rel
715 1877 819 1937 laudes
837 1875 885 1937 vel
906 1881 1014 1937 contra
1047 1876 1179 1938 viciosos
1202 1876 1323 1937 validae

178 1961 441 2040 reprehensiones,
473 1962 635 2023 liricum
659 1983 780 2025 carmen
808 1967 855 2023 est
878 1982 896 2022 a
919 1984 977 2042 qno
1001 1963 1269 2024 commessationes
1293 1970 1323 2022 et

179 2048 342 2109 ebrietates
355 2069 421 2109 cum
434 2049 514 2109 ludis
523 2049 674 2127 dicuntur,
688 2055 820 2111 tractum
833 2070 891 2129 apo
903 2055 938 2109 tu
951 2048 1024 2109 lirin
1040 2050 1119 2111 idest
1130 2070 1148 2110 a
1161 2050 1322 2121 varietate,

176 2135 247 2195 inde
257 2135 378 2208 delirus,
391 2135 444 2215 qui
459 2136 599 2197 variatur
615 2138 652 2197 ab
669 2158 703 2198 eo
719 2137 799 2216 quod
815 2138 929 2210 fuerat3
953 2141 999 2196 est
1015 2135 1231 2216 apollogeti
1243 2157 1320 2197 onrn
1332 2142 1357 2185 20
1470 2144 1471 2148 ’

177 2222 257 2283 idest
275 2223 509 2298 excusatorium,
533 2229 624 2285 estet
645 2224 924 2304 panagoricum
948 2223 1027 2283 idest
1043 2228 1141 2284 totum
1158 2223 1320 2293 laudabile,

178 2315 225 2370 est
244 2310 548 2388 epithalamium
567 2310 648 2372 idest
665 2332 756 2390 super
771 2312 951 2388 thalamum,
966 2310 1223 2388 epitaphium
1241 2310 1321 2371 idest

178 2417 269 2474 super
291 2397 477 2475 sepulcrum,
514 2402 562 2458 est
600 2404 631 2458 et
664 2397 858 2458 oronicum
890 2417 1011 2459 carmen
1043 2397 1123 2457 idest
1150 2403 1320 2475 temporum

177 2483 356 2562 descriptio,
384 2488 430 2544 est
460 2484 675 2563 elegiacum
703 2505 825 2546 carmen
859 2483 939 2544 idest
968 2484 1141 2545 miserabile
1164 2484 1279 2545 dictum
1303 2504 1321 2543 a

176 2591 286 2649 graeco
311 2573 404 2631 verbo
428 2571 528 2649 elegos
551 2571 633 2632 idest
655 2572 785 2632 miseria.
1330 2575 1355 2618 2⁵

263 2674 303 2734 Ι).
326 2673 407 2746 Quid
430 2681 662 2752 argumento
685 2676 733 2738 ris
755 2674 911 2753 intelligi?

265 2850 277 2886 2
310 2844 489 2899 exhortarios.

249 2918 277 2956 19
311 2914 463 2983 aporolirin.

265 3069 290 3138 3]
310 3071 405 3124 Bern.
425 3070 529 3140 Trai:
556 3086 653 3139 poema
671 3069 754 3122 unius
772 3075 797 3122 et
812 3071 901 3138 poesis
923 3071 1068 3124 multorum
1095 3086 1164 3138 opus
1188 3071 1318 3124 librorum

177 3137 318 3205 truditur,
345 3139 386 3192 Τ1
403 3140 441 3192 irn
459 3139 607 3193 Absohnitt
625 3140 691 3192 iiber
708 3139 817 3192 Horaz:
836 3156 903 3207 opus
920 3141 1004 3193 unios
1018 3146 1115 3209 poetae
1135 3155 1232 3206 pocula
1252 3135 1320 3189 idest

175 3206 260 3273 fictio,
286 3209 390 3276 sarapta
417 3211 535 3262 omnium
559 3214 703 3277 poetarum
728 3209 834 3276 poesis;
863 3209 984 3263 isidor
1003 3210 1022 3273 l,
1042 3208 1082 3274 38,
1104 3209 1152 3262 21:
1178 3209 1321 3277 poesisa

177 3292 244 3344 opos
263 3278 405 3330 ocultorum
426 3278 564 3343 librorum,
581 3292 679 3345 poema
696 3278 789 3330 unius.

264 3347 290 3415 5]
309 3347 407 3400 Bern.
426 3347 530 3416 Traj.:
552 3347 652 3412 saballo
678 3346 765 3414 icitur
790 3352 828 3400 eut
851 3347 924 3416 quod
950 3361 1034 3415 neque
1056 3352 1159 3415 gestum
1180 3352 1320 3414 estusque

176 3415 235 3482 peri
249 3416 355 3483 potult3
384 3416 463 3470 lsid.
484 3418 502 3482 I,
520 3416 562 3480 43,
580 3416 611 3469 4;
632 3416 746 3483 subulae
769 3422 833 3469 suut
857 3433 926 3485 quae
949 3431 997 3470 uec
1014 3417 1093 3482 sacta
1113 3420 1177 3468 suist
1193 3431 1241 3468 aec
1258 3415 1321 3481 {ieri

172 3489 294 3676 100ῖῖἶῆ
309 3571 343 3606 zu
361 3554 448 3607 auur.
468 3572 489 3608 s.
509 3554 587 3608 isin.
608 3554 627 3619 1,
647 3553 687 3619 38,
709 3554 748 3619 16,
777 3572 811 3607 zu
834 3556 904 3621 trag.
929 3555 1027 3620 xum,
1051 3554 1093 3620 45,
1115 3553 1143 3616 1;
1168 3553 1240 3619 viu,
1261 3559 1284 3621 r,
1303 3557 1319 3608 5

177 3639 213 3674 un
267 3664 272 3675 .

248 3692 289 3760 13]
310 3691 393 3744 lsid.
412 3692 485 3756 VlH,
503 3692 525 3755 7,
546 3693 560 3744 7
579 3690 613 3745 f.:
633 3732 659 3744 ..
681 3732 686 3743 .
706 3732 711 3743 .
731 3707 867 3759 moresque
884 3708 913 3746 re
934 3692 1089 3756 rotondum
1117 3691 1189 3744 unde
1208 3698 1232 3746 et
1250 3693 1320 3745 audi

173 3760 329 3829 pinguntur
347 3776 376 3812 eo
394 3760 465 3828 quod
480 3776 532 3828 per
549 3775 594 3813 eos
610 3761 681 3813 uitia
699 3760 892 3829 stropulodenu
915 3767 1092 3815 cutura-‘seu
1112 3761 1146 3814 ab
1167 3761 1217 3814 illc
1236 3762 1320 3828 lance,

175 3845 244 3897 quae
263 3830 379 3882 diuersis
390 3832 504 3898 fraqam
522 3830 563 3882 uel
577 3845 718 3897 pomorum
736 3831 880 3898 peceribus
898 3829 935 3884 ud
953 3833 1051 3899 templu
1070 3832 1211 3900 pontillum
1221 3831 1321 3885 solebat

177 3900 287 3966 deferri3
320 3897 360 3978 T?
377 3900 407 3951 in
424 3899 526 3978 seinem
544 3897 693 3952 Abschnitt
714 3900 781 3952 iiber
799 3899 921 3953 Persius:
944 3942 950 3952 .
971 3942 976 3953 .
997 3943 1002 3953 .
1023 3900 1156 3968 quaedum
1184 3901 1250 3953 luna
1277 3902 1320 3952 ccl

177 3967 629 4106 saatIegt]lafiphpfflpggpplorpurnl
646 4055 675 4101 r.,
696 4037 810 4106 apolog,

178 4123 227 4159 sen
250 4107 309 4160 sich
333 4107 370 4159 im
389 4123 494 4173 ganzen
513 4124 548 4158 an
565 4055 680 4159 isidor
698 4123 733 4159 an
756 4109 804 4175 (or.
824 4055 895 4170 till,
921 4108 944 4171 7,
962 4107 993 4169 43
1022 4107 1067 4171 Vl,
1087 4107 1111 4170 8,
1131 4107 1159 4169 6;
1178 4107 1197 4172 l,
1217 4107 1257 4172 38,
1279 4106 1318 4159 18.

177 4177 279 4245 nullu
307 4194 341 4228 zu
359 4174 556 4245 panegyricum
575 4175 696 4242 dagegen
715 4176 801 4229 bietet
819 4175 941 4229 derselbe
960 4176 1017 4245 (Vl,
1036 4175 1060 4241 8,
1079 4177 1123 4244 ll:
1151 4176 1321 4230 licentiosum

177 4250 202 4297 et
219 4246 393 4299 lasciviosum
411 4261 495 4313 penus
513 4243 632 4299 dicendi.

830 4056 844 4090 e
863 4036 950 4103 ithai,
970 4037 1118 4108 epithaph,
1129 4037 1197 4104 eleg.
1208 4037 1321 4091 schlies·
