3074 4854
640 225 852 282 ..69-

171 394 292 474 poeta?
316 394 394 454 unde
416 393 624 454 testimonium
649 391 726 452 illud
746 392 783 452 ad
799 392 903 452 Titum
928 392 1125 471 discipulum:
1150 392 1320 453 ‘Cretenses

177 502 297 561 semper
319 481 485 552 mendaces,
507 481 606 542 malae
629 480 755 556 bestiae,
777 485 897 540 ventres
916 481 1025 560 pigri’,
1053 480 1113 539 nisi
1136 481 1173 539 ab
1197 480 1319 540 ebtnico

178 573 270 647 poeta
299 567 501 646 Epimenide?
557 566 706 638 Quotiens
735 566 913 627 dialecticae
950 567 1080 627 rationis
1114 567 1227 626 Paulus
1260 586 1319 628 non

177 657 304 734 ignarus
327 656 472 733 proponit
494 655 623 714 assumit
645 655 756 732 probat
779 661 811 712 et
833 654 1001 714 concluditl
1044 656 1183 730 Longum
1207 658 1262 721 est,
1285 661 1320 713 ut

178 742 218 802 ad
240 741 352 804 nodum
375 742 468 802 istum
491 741 676 811 solvendum,
699 761 758 819 quo
781 740 937 817 obligatus
961 761 1002 816 es,
1027 741 1150 818 singula
1165 751 1355 818 percurro-c

178 850 253 903 mus,
277 850 342 890 cum
367 829 459 888 etiam
487 828 520 887 in
546 828 655 906 regula
677 833 750 887 tua:
778 832 816 887 ‘et
844 827 977 906 nequid
1005 828 1105 888 uimis'
1133 849 1151 886 a
1175 827 1320 888 Terentio

177 921 330 995 sumptum
363 916 420 987 sit;
457 935 516 994 quo
540 935 557 973 a
581 914 733 992 Calliopic
757 914 888 974 recitato
911 915 944 974 in
973 914 1095 974 theatro
1120 916 1158 974 ab
1181 915 1320 974 omnibus

178 1004 378 1064 acclamatum
410 1008 466 1064 est.
517 1000 601 1078 Quid
630 1000 709 1080 quod
746 1000 903 1080 praecipui
931 1001 1104 1062 divinorum
1134 1007 1320 1062 tractatores

178 1089 365 1149 voluminum
378 1087 574 1167 Augustinus
598 1094 629 1147 et
653 1086 844 1148 lberonimus
867 1088 1052 1149 testimoniis
1075 1089 1265 1148 ehtnicorum
1288 1088 1320 1148 in

177 1176 304 1255 seriptis
332 1175 394 1235 suis
417 1182 552 1246 utuntur,
575 1175 627 1234 scd
657 1195 759 1234 eorum
782 1175 834 1235 ubi
857 1174 1006 1235 rationem
1030 1175 1232 1255 proprietatis
1256 1195 1320 1234 ver·
1330 1182 1356 1225 10

179 1264 284 1323 borum
315 1262 438 1322 reddere
470 1267 635 1340 coguntur,
666 1266 701 1320 ut
733 1282 769 1321 ex
793 1264 848 1322 hoc
872 1262 1063 1323 auditoribus
1087 1263 1183 1322 maior
1205 1270 1322 1322 crescat

179 1350 332 1427 profectus
356 1370 445 1428 quam
465 1349 610 1409 defectus.
649 1349 749 1409 Taceo
768 1348 804 1407 de
822 1349 969 1409 acerrima
988 1349 1196 1426 disputatione
1218 1350 1321 1427 Augu-

176 1436 255 1496 stini
295 1443 402 1496 contra
441 1435 604 1514 gentilium
643 1437 774 1495 errorem
810 1436 1062 1514 supersticionum
1097 1436 1130 1495 in
1165 1435 1321 1496 duodecim

178 1524 266 1583 libris
290 1523 326 1584 de
355 1523 482 1584 civitate
513 1522 575 1594 dei,
609 1522 663 1581 ubi
694 1528 814 1600 sumpta
846 1523 882 1582 de
913 1523 1001 1583 libris
1032 1542 1133 1583 eorum
1156 1523 1260 1582 vibrat
1289 1523 1321 1581 in

178 1631 228 1670 eos
260 1616 361 1670 sectae
394 1609 536 1688 prbpriae
564 1609 697 1688 spicula;
727 1609 785 1669 duo
812 1609 874 1669 iste
901 1610 1057 1671 sufficiant
1084 1609 1173 1669 libris
1195 1610 1257 1670 suis
1277 1609 1357 1669 iu-lb

176 1704 261 1756 serta
290 1697 327 1757 de
350 1696 485 1774 Virgilio
516 1702 546 1756 et
569 1697 689 1767 Oratio;
722 1716 789 1756 cum
825 1702 932 1775 ageret
970 1697 1002 1756 in
1032 1697 1111 1757 libro
1143 1682 1393 1778 defisanctassllffit

179 1783 333 1857 trinitate,
356 1783 436 1862 quod
458 1783 551 1843 etiam
574 1782 719 1842 memoria
741 1790 860 1862 tempus
882 1790 1024 1862 praesens
1039 1784 1212 1861 respiceret
1236 1785 1322 1844 testi-

177 1870 311 1930 monium
342 1868 419 1929 illud
447 1869 577 1930 inseruit
600 1869 636 1929 de
659 1869 846 1929 secularibus
869 1871 979 1946 literis,
1009 1870 1064 1930 ubi
1087 1871 1210 1931 maioris
1234 1891 1322 1931 curae

177 1957 239 2016 fuit
262 1962 421 2020 verborum
438 1956 604 2035 integritas
626 1977 715 2034 quam
736 1956 852 2016 veritas
871 1977 985 2018 rerum:
1014 1962 1088 2033 mec,
1113 1958 1222 2036 inquit,
1245 1958 1322 2017 talia

177 2064 285 2121 passus
308 2044 598 2104 Ulixes-oblitusve
621 2043 668 2102 sui
691 2048 738 2102 est
752 2043 879 2103 ithacus
901 2043 1076 2104 discrimine
1099 2051 1210 2119 tanto‘;
1235 2050 1265 2104 et
1288 2045 1357 2104 ut²0

177 2131 352 2190 ostenderet
376 2137 510 2190 eternum
535 2130 687 2190 interdum
717 2149 772 2207 pro
797 2131 1026 2208 temporalitate
1049 2131 1130 2209 poni,
1154 2131 1189 2192 de
1213 2130 1320 2192 Oratio

178 2219 290 2293 probat
311 2217 391 2296 quod
403 2217 536 2277 dixerut:
560 2217 685 2277 ‘serviet
703 2221 858 2276 aeternum
878 2217 1012 2296 propriis
1035 2219 1107 2296 quia
1126 2218 1241 2278 nesciet
1254 2219 1320 2278 uti'.

178 2309 210 2364 et
232 2304 267 2364 de
289 2305 426 2383 perfecto
450 2304 571 2364 bomine
602 2304 640 2364 ad
667 2304 898 2363 similitudinem
927 2304 1043 2365 solidae
1065 2304 1195 2382 figurae:
1223 2305 1319 2366 ‘fortis

177 2391 263 2451 etin
286 2412 318 2450 se
341 2391 407 2468 ipso
430 2397 516 2453 totus
539 2395 618 2451 teres
642 2397 733 2469 atque
747 2390 911 2462 rotundus’,
935 2396 966 2450 et
988 2391 1020 2450 in
1037 2392 1115 2452 bunc
1133 2392 1252 2453 modum
1276 2393 1319 2452 in·

178 2478 277 2539 finita.
320 2479 417 2538 Porro
449 2479 485 2538 de
514 2476 687 2538 lberonimo
712 2477 873 2538 tacendum
906 2485 996 2556 puto,
1027 2479 1080 2556 qui
1106 2486 1255 2556 quantum
1288 2478 1356 2538 in2⁵

176 2565 364 2627 secularibus
392 2565 493 2625 literis
513 2566 617 2625 multis
641 2565 817 2626 doctoribus
841 2565 988 2625 ecclesiae
1005 2565 1169 2641 celebrior,
1199 2572 1318 2625 tantum

265 2736 289 2804 2]
310 2733 422 2793 ventris.
580 2734 605 2803 7]
626 2733 759 2804 colliopio.
917 2734 943 2803 8]
962 2734 1175 2788 acclamandum.

266 2821 359 2886 souin
377 2821 460 2890 quod]
480 2820 621 2890 Quicquid.
903 2822 944 2891 10]
963 2821 1075 2874 ratione.

248 2907 291 2976 20]
311 2906 353 2960 die
372 2908 420 2960 Hs.
440 2907 489 2961 hat
507 2911 609 2961 actus
628 2911 697 2962 statt
714 2907 833 2961 Ithacus.

267 3080 292 3149 3]
312 3080 403 3144 Isid,
423 3079 489 3146 orig.
508 3080 541 3144 11,
561 3079 584 3143 9,
606 3079 633 3132 3:
652 3078 816 3148 syllogismis
832 3097 859 3130 μ
878 3084 992 3132 utuntur
1009 3079 1156 3144 dialectici,
1175 3081 1320 3145 1111111111-

178 3149 262 3202 slotus
279 3165 358 3216 saepe
373 3154 520 3218 proponat,
539 3154 667 3211 assumat,
687 3151 824 3212 ccrrsirmet
841 3154 921 3215 atqua
939 3149 1095 3209 corrcludot3
1118 3150 1146 3202 in
1169 3149 1221 3201 den
1238 3147 1319 3201 Lehr·

178 3219 299 3273 blichern
318 3220 364 3272 der
382 3217 469 3285 Logik
487 3218 618 3270 erhielten
636 3217 695 3270 sich
713 3217 787 3271 diesc
805 3217 926 3271 Termini
943 3218 985 3271 bis
1004 3219 1053 3271 auf
1069 3218 1112 3271 die
1130 3217 1251 3271 Neuzeit

268 3305 293 3374 6]
312 3305 459 3367 Terenz,
484 3304 567 3357 Andr.
586 3304 607 3366 Ι,
627 3304 674 3356 61:
699 3310 730 3357 111
752 3303 854 3371 nequid
875 3305 972 3368 allaim
996 3321 1017 3357 s.
1044 3304 1086 3357 die
1109 3303 1320 3358 Grammatiker·

182 3374 281 3427 stellen
305 3375 332 3427 in
356 3375 403 3426 der
427 3371 710 3442 Umptenbach'sohen
734 3374 916 3440 Terenzausg.
934 3373 990 3426 und
1013 3373 1135 3438 Ltibeok‚
1161 3373 1319 3442 Hieronym.

183 3460 252 3512 quos
270 3443 378 3497 noverit
395 3444 496 3511 script,
514 3460 539 3512 p.
560 3442 617 3494 111.

248 3529 290 3598 12]
309 3529 364 3595 vgl.
386 3530 425 3593 19,
446 3529 486 3583 18.
648 3527 755 3581 ¹4vibr.
774 3528 851 3598 spic]
871 3528 926 3594 vgl.
946 3527 1031 3592 Ovio,
1052 3529 1162 3581 Metam.
1182 3528 1205 3591 8,
1225 3527 1284 3581 374.

253 3616 294 3685 17]
313 3615 553 3682 Augustinus,
582 3615 614 3667 de
637 3613 775 3677 trinitate,
808 3613 884 3667 Buch
903 3614 981 3677 XIV,
1008 3631 1065 3684 cup.
1092 3615 1140 3678 11,
1168 3613 1260 3680 Migne
1278 3614 1320 3677 42,

182 3684 262 3737 1047:
281 3687 330 3752 qui
348 3685 418 3737 dicit
434 3686 589 3736 memoriam
606 3700 658 3735 nou
678 3683 938 3750 commessalibus,
957 3688 1083 3736 attendat
1099 3682 1320 3750 queruodmodum

181 3753 282 3806 dictum
300 3755 336 3807 sit
355 3755 384 3806 in
402 3754 471 3823 ipsis
488 3753 676 3806 saecularibus
694 3752 788 3811 literis,
807 3752 855 3804 ubi
871 3753 987 3806 aratoris
1009 3753 1064 3814 11111
1082 3768 1164 3805 curce
1182 3753 1320 3804 uerborum

180 3824 326 3891 integritus
344 3839 425 3890 orcam
444 3823 545 3875 ueritus
563 3837 664 3874 rerum:
695 3826 749 3875 ‘uec
767 3821 838 3874 tolia
856 3852 890 3860 —-
907 3826 991 3874 tuuto'
1011 3822 1054 3890 [=
1074 3822 1168 3888 Verg„
1187 3823 1254 3874 Aen.
1274 3821 1321 3885 ΠΙ,

180 3891 289 3961 6281]
326 3891 405 3945 Auch
423 3892 515 3959 Migne
532 3892 574 3956 42,
596 3891 662 3944 1050
680 3893 735 3944 und
754 3891 821 3943 1079
840 3890 936 3945 stehen
956 3890 1043 3944 Citate
1062 3908 1112 3944 aus
1130 3891 1231 3956 Vergil.

249 3979 292 4048 22]
312 3979 361 4031 das
380 3978 454 4032 citat
472 3979 576 4031 ‘serviet
595 3983 741 4040 aeteruum,
760 3977 826 4043 qaia
843 3993 955 4044 porco
972 3978 1069 4030 nesciet
1090 3977 1140 4029 uti’
1160 3978 1202 4046 (=
1222 3977 1320 4030 Horat,

178 4046 257 4118 epist.
267 4048 288 4111 I,
301 4049 340 4112 10,
350 4048 394 4116 41)
414 4047 489 4101 steht
506 4047 549 4101 bei
567 4046 757 4113 Augustin,
786 4051 890 4114 quaest
909 4046 937 4098 in
954 4046 1066 4116 heptat,
1088 4046 1180 4113 Migne
1203 4046 1243 4110 34,
1263 4046 1320 4098 556-

249 4134 292 4203 23]
312 4134 360 4187 das
380 4134 453 4188 Citat
472 4134 558 4198 ‘tortis
576 4139 601 4185 et
618 4133 648 4184 in
668 4149 694 4183 se
712 4150 737 4185 u.
757 4149 779 4185 s.
798 4133 839 4185 W)
860 4133 903 4201 (=
913 4133 1011 4197 Horat,
1031 4135 1083 4186 sat
1099 4133 1132 4196 ΙΙ,
1147 4134 1170 4197 7,
1183 4132 1227 4201 86)
1246 4131 1322 4185 steht

178 4202 222 4256 bei
240 4204 425 4270 Augustin,
445 4204 478 4256 de
497 4205 588 4271 quant
609 4220 660 4265 an,
680 4201 772 4268 Migne
791 4202 832 4266 32,
853 4202 927 4254 1051.
