3074 4854
636 225 850 278 „71-

176 397 325 457 Homerus
349 392 401 431 *²¹⁴*
423 394 622 474 temporibus,
652 427 691 436 -
725 392 804 465 Quid
828 391 924 452 dicam
948 392 984 452 de
1006 389 1124 451 Persio
1145 398 1237 471 poeta
1259 394 1319 453 Ro·

175 503 264 544 mano
296 482 467 542 clarissimo
500 487 531 541 et
564 480 697 560 optimo,
727 483 763 538 ut
793 484 860 539 erat
884 478 1057 552 Iuvenalis,
1088 479 1236 557 satyrion,
1266 480 1316 559 qui

176 570 277 631 fronte
300 568 503 630 inverecunda
526 569 733 628 Romanorum
757 565 836 626 vitia
857 564 1072 645 reprehendit?

262 673 301 733 l).
324 672 405 746 Quid
428 671 543 731 dixeris
567 668 717 747 satyricos
740 669 840 730 minus
863 669 999 735 adverto,

263 778 305 836 Μ.
329 776 441 853 Satyra
468 775 549 854 apud
581 779 700 834 veteres
730 773 824 834 mirae
858 773 1080 852 magnitudinis
1111 772 1211 834 discus
1241 780 1315 841 erat,
1340 787 1353 827 a

177 862 209 921 in
232 884 291 942 quo
314 863 452 923 diversae
464 862 635 940 multaeque
650 860 820 940 particulae
835 863 1025 939 ponebantur
1048 861 1204 940 apopulo·,
1225 880 1317 940 porro

175 950 316 1010 sacerdos
330 949 452 1010 deorum
468 951 564 1010 libere
587 949 725 1008 sumebat
745 948 781 1008 de
801 948 942 1026 partibus
958 948 1041 1008 disco
1060 948 1213 1027 impositis
1236 947 1315 1027 quic-

175 1035 247 1114 quid
271 1036 299 1095 ei
320 1035 480 1114 placuerat
502 1056 556 1096 nec
579 1035 690 1113 aliquis
714 1055 815 1095 eorum
838 1035 1000 1112 prohibere
1024 1034 1162 1095 audebat.
1202 1035 1314 1094 Eodem

175 1123 264 1182 modo
282 1122 412 1200 satyrici
426 1128 535 1202 poetae
553 1142 766 1202 quemcumque
787 1121 935 1181 viciosum
952 1121 1169 1200 reprehendere
1191 1121 1317 1200 scriptis

177 1209 239 1269 suis
263 1209 423 1283 audebant,
446 1210 558 1289 quibus
582 1209 711 1268 materia
735 1207 975 1287 reprehendendi
997 1209 1028 1268 in
1052 1208 1170 1268 modum
1195 1212 1353 1286 satyrae10

176 1295 274 1356 multa
307 1295 589 1375 comprehendentis
610 1316 727 1375 semper
757 1294 915 1355 sufficiens
948 1301 1024 1358 erat.
1078 1295 1190 1355 Libere
1218 1295 1317 1374 igitur

176 1383 255 1443 vitia
282 1383 462 1444 vitiosorum
494 1383 768 1463 reprehendebant,
799 1382 871 1461 quia
905 1402 959 1441 sua
995 1382 1182 1442 conscientia
1210 1383 1316 1443 confisi

176 1469 301 1549 scriptis
325 1470 388 1530 suis
412 1471 618 1530 oblatrantem
642 1469 759 1529 nullum
782 1469 941 1529 timebant.

262 1573 301 1632 Il.
325 1575 443 1652 Repete
466 1574 498 1634 id
521 1574 631 1653 ipsum,
656 1573 791 1633 sedulio
814 1572 912 1633 modo.

263 1679 306 1737 Μ.
329 1677 472 1751 Faciam3
508 1678 605 1738 Satiri
628 1686 659 1738 et
681 1677 782 1737 Fauni
813 1683 951 1736 monstra
981 1676 1126 1754 quaedam
1160 1675 1353 1736 silvestrium

176 1769 248 1823 sunt
277 1764 352 1824 nudi
384 1785 501 1843 semper
531 1769 561 1825 et
589 1764 786 1826 inverecundi
817 1763 967 1843 corporis;
997 1763 1076 1822 sicut
1099 1762 1195 1840 igitur
1218 1765 1316 1839 satyri

176 1851 241 1910 sine
260 1852 307 1910 sui
330 1853 507 1912 confusione
536 1852 631 1912 oculis
661 1856 810 1930 apparent
832 1849 954 1922 alienis,
986 1847 1065 1909 nihil
1088 1854 1258 1909 tractantes
1281 1849 1317 1909 de

174 1937 378 2015 tegumentis,
406 1940 449 1999 sic
480 1945 588 2018 poetae
625 1939 745 1999 satirici
776 1957 835 1998 non
868 1936 1095 1997 confunduntur
1122 1937 1154 1996 in
1192 1936 1316 1997 lectoris

175 2024 254 2085 facie
285 2024 419 2085 viciosac
456 2024 605 2086 orationis
637 2025 711 2085 stilo
741 2023 915 2104 procedere,
952 2022 1110 2083 dummodo
1142 2023 1316 2084 libertatem

175 2119 206 2172 et
229 2110 399 2172 nuditatem
423 2133 543 2173 suorum
564 2113 723 2174 verborum
747 2111 818 2171 inde
836 2109 961 2171 viciosis
987 2109 1139 2170 exhibere.
1183 2110 1353 2171 Proinden

175 2198 335 2258 materia
364 2199 463 2259 Persii
494 2199 561 2259 vita
592 2198 785 2259 confusibilis
818 2197 984 2258 errantium
1007 2198 1213 2257 Romanorum
1241 2201 1316 2270 erat,

175 2285 352 2345 intentio
382 2306 453 2347 vero
484 2287 548 2346 eius
569 2306 624 2365 per
649 2285 913 2365 reprehensionem
943 2305 961 2342 a
988 2283 1077 2344 viciis
1107 2283 1316 2364 delinquentes

175 2372 328 2449 corrigere
352 2379 382 2432 et
405 2372 443 2432 ad
468 2374 564 2432 vitam
588 2372 740 2433 meliorem
765 2373 938 2432 reformare.

261 2476 301 2535 Il.
324 2475 411 2535 Adde
438 2477 548 2536 ceteris
577 2476 676 2556 poetis
699 2474 844 2537 Statium
867 2474 1041 2536 Thebaidos
1069 2481 1099 2534 et
1129 2472 1317 2534 Achilleidos

176 2568 207 2622 et
228 2563 255 2622 si
279 2581 356 2622 unus
380 2561 420 2624 sit
443 2569 550 2624 auctor
571 2563 729 2642 utriusque
752 2564 834 2624 libri.
1327 2569 1353 2611 25

263 2669 305 2726 M.
328 2667 438 2726 Libros
478 2670 583 2726 ambos
620 2667 739 2727 Statius
773 2666 895 2746 quidem
922 2666 1107 2745 composuit,
1135 2665 1187 2725 sed
1227 2686 1316 2726 versa

176 2753 305 2814 materia
313 2774 320 2825 ;
348 2760 379 2814 et
406 2753 536 2832 primum
566 2754 686 2834 quidem
716 2754 843 2833 scripsit
876 2753 912 2813 dc
934 2754 1106 2814 Thebarum
1137 2752 1217 2814 bello
1249 2773 1315 2812 cum

175 2860 247 2918 rege
277 2847 309 2900 et
340 2840 424 2900 urbis
454 2841 587 2916 excidio,
617 2841 779 2903 secundum
807 2840 844 2900 de
865 2841 988 2900 Achille
1018 2845 1091 2900 nato
1121 2845 1152 2899 et
1183 2839 1216 2899 in
1247 2839 1317 2899 aula

174 2927 333 2987 Diomedis
368 2926 505 2992 educato.
565 2928 610 2988 De
639 2948 698 3007 quo
722 2927 760 2987 ad
789 2927 1012 2988 Domitianum:
1041 2933 1176 3005 parvus,
1205 2926 1317 3005 inquit¹

268 3130 292 3199 1]
311 3129 383 3183 nach
406 3130 557 3184 ‘Homerus’
581 3130 648 3183 liess
673 3129 720 3182 der
745 3128 886 3182 Schreiber
904 3128 963 3182 eine
985 3128 1076 3182 Liicks
1100 3147 1153 3181 von
1174 3128 1204 3182 ¹1¹2
1230 3127 1314 3190 Zeile;

176 3197 231 3266 vgl.
251 3200 319 3252 oben
337 3217 371 3252 zu
390 3201 430 3263 51,
450 3201 480 3263 23
508 3199 615 3252 Walter
633 3199 737 3268 Burley
755 3198 807 3267 (ed.
826 3198 917 3251 Knust
934 3216 959 3267 p.
979 3198 1022 3266 58)
1046 3201 1118 3251 setzt
1144 3198 1196 3250 den
1213 3198 1316 3251 Homer

175 3267 203 3320 in
222 3268 268 3321 die
287 3269 345 3321 Zeit
363 3269 411 3322 des
430 3268 509 3332 Saul;
528 3269 584 3335 vgl.
602 3267 696 3333 isidor,
717 3286 754 3320 or.
773 3267 807 3334 V,
826 3267 867 3330 39,
888 3268 928 3320 12.

248 3355 289 3424 11]
309 3354 401 3409 libera,
718 3353 917 3422 17tractantes]
936 3353 987 3406 lies
1006 3353 1169 3406 ‘curantes’r

246 3442 289 3510 20]
307 3441 359 3495 lies
379 3441 577 3496 ‘exhiberent’r
718 3440 761 3509 23]
780 3439 845 3493 vita·

194 3665 199 3676 ¹
264 3597 289 3676 3]
309 3598 356 3650 der
379 3599 525 3652 Ausdruck
550 3599 631 3663 ‘frons
655 3597 844 3651 inuerecuudu'
868 3598 1003 3663 begegnet
1026 3614 1049 3648 z.
1070 3597 1099 3648 B.
1123 3596 1164 3648 bei
1184 3595 1316 3661 Quinti·

175 3666 262 3731 lran,
282 3670 345 3720 mst.
366 3685 402 3720 or.
421 3668 453 3731 ll,
472 3669 496 3731 4,
517 3669 556 3721 16.

264 3757 276 3794 ὃ
296 3753 351 3805 und
372 3754 413 3822 15]
439 3754 512 3806 diese
536 3753 724 3820 nochmaligen
748 3753 939 3821 Erkl'arungen
962 3772 1016 3807 von
1041 3757 1135 3807 satura
1158 3755 1315 3808 ersclreinen

176 3822 247 3875 nach
265 3822 325 3874 dem
344 3822 412 3875 oben
430 3823 471 3887 25,
492 3823 524 3876 13
541 3823 568 3876 ff.
587 3822 785 3876 Entwickelten
803 3823 966 3890 iiberfllissig
984 3823 1041 3875 und
1058 3823 1149 3889 lastig.

247 3907 288 3977 ²2]
309 3908 347 3960 Τ2
365 3908 393 3961 in
412 3908 514 3962 seinem
534 3909 641 3963 Artikel
664 3911 730 3963 liber
748 3909 873 3964 Persius:
898 3911 1031 3963 liaberet.
1051 3949 1057 3961 .
1077 3910 1249 3963 intentionem
1273 3911 1316 3963 dr-

175 3977 281 4030 hcrtcri
299 3996 316 4029 c
334 3978 419 4030 uitiis.

246 4064 291 4186 291]
309 4064 378 4117 auch
400 4063 459 4117 hier
482 4064 547 4130 (vgl.
571 4082 604 4117 zu
623 4065 663 4127 69,
683 4065 730 4128 223
750 4067 790 4126 70,
809 4068 827 4119 4
844 4066 883 4134 ff.)
908 4066 999 4120 wollte
1018 4065 1063 4119 ioh
1082 4067 1130 4118 das
1152 4066 1316 4120 fehlerhafte

176 4132 250 4187 Citat
293 4134 391 4186 onrads
421 4132 497 4186 nicht
523 4135 696 4197 verbessern;
728 4151 758 4188 es
782 4134 871 4190 heisst
900 4135 942 4188 bei
972 4135 1122 4201 Statius
1141 4135 1208 4189 Acb.
1227 4137 1246 4202 I,
1268 4138 1315 4189 19:

176 4208 399 4271 ‘rucynusqne
419 4203 469 4256 tibi
484 4203 649 4270 praeludit
669 4204 803 4258 Acuules’.
