3074 4854
681 207 895 263 ,46-

303 372 346 430 Μ.
370 371 432 431 Nec
454 374 575 432 ratione
602 379 695 445 caret,
726 371 806 451 quorl
837 375 869 433 in
901 374 957 434 hac
987 373 1198 433 altercationis
1230 372 1361 432 materia

217 463 354 535 pastores
378 459 631 528 introducuntur,
655 462 727 539 quia
755 481 849 537 genus
873 459 949 520 illud
981 480 1097 537 semper
1120 467 1166 519 est
1189 458 1360 535 litigiosum

217 546 372 604 contraria
395 547 557 607 contrariis
579 547 740 608 iaculando
763 553 794 608 et
817 549 937 608 alterna
960 547 1080 607 malitia
1104 546 1153 607 vel
1184 544 1253 606 dolo
1277 545 1359 606 rixas

217 631 389 694 excitando.

195 736 208 776 5
303 717 341 778 D.
364 720 468 780 Rebus
490 725 520 778 et
540 722 641 780 verbis
665 724 720 781 hoc
743 722 789 780 ita
816 741 848 780 se
871 721 982 780 habere
1009 719 1101 792 etiam
1122 717 1229 778 divina
1244 718 1360 796 pagina

216 803 420 874 demonstrat,
450 827 515 866 cum
540 828 576 867 ex
608 809 677 868 rixa
700 814 856 885 pastorum
879 809 962 868 Loht
991 811 1022 867 et
1048 805 1204 865 Abraham
1232 826 1360 866 comma-

217 892 352 951 nentiam
388 893 618 971 propinquitate
652 895 784 955 debitam
819 900 979 954 rennuunt.
1040 892 1192 969 Quotiens
1222 900 1360 971 pastores

217 979 439 1039 Palestinorum
464 1001 530 1040 cum
554 982 651 1041 servis
673 982 774 1041 Ysaac
798 1001 852 1059 pro
875 987 1034 1058 puteorum
1058 979 1147 1040 fossis
1170 979 1287 1040 rixatus
1310 1000 1360 1040 au-

216 1065 347 1125 divimus
370 1071 400 1125 et
422 1067 544 1127 filiabus
570 1068 737 1129 sacerdotis
760 1068 884 1128 Madian
907 1073 1045 1146 pastores
1075 1065 1219 1125 iniuriam
1242 1066 1359 1144 fecisse,

182 1150 310 1212 rodonec
333 1172 352 1212 a
374 1154 479 1232 Moyse
502 1160 679 1216 tutarentur
702 1161 733 1215 et
757 1175 834 1233 grex
864 1175 965 1215 earum
996 1153 1213 1232 adaquaretur;
1244 1189 1284 1197 —
1309 1154 1360 1215 sed

215 1239 351 1316 procede.

302 1328 344 1385 Μ.
367 1327 503 1387 Primum
527 1328 625 1406 igitur
647 1331 679 1388 in
702 1329 758 1389 hoc
779 1348 868 1406 opere
890 1348 908 1388 a
931 1328 1057 1388 docente
1079 1347 1182 1388 sensus
1205 1327 1360 1403 ponendus

216 1418 263 1471 est
286 1413 402 1485 literae,
424 1412 531 1474 deinde
561 1415 629 1493 ipsa
659 1416 751 1475 litera
775 1435 828 1494 per
857 1413 1036 1492 allegoriam
1068 1414 1261 1485 elucidanda,
1290 1413 1360 1474 inde

217 1518 271 1574 per
294 1502 500 1560 moralitatem
523 1501 591 1561 vita
614 1502 746 1580 legentis
768 1501 966 1563 instituenda.
1013 1503 1056 1561 Et
1079 1502 1134 1562 hoo
1163 1507 1254 1573 nota,
1279 1499 1359 1577 quod

182 1605 207 1646 rs
216 1584 290 1646 fides
306 1594 336 1646 et
349 1587 464 1647 veritas
480 1588 596 1648 directo
622 1608 740 1666 semper
760 1609 848 1649 cursu
867 1589 1008 1648 feruntur
1030 1594 1070 1663 et,
1088 1588 1161 1648 licet
1186 1586 1224 1647 ad
1241 1593 1359 1666 tempus

217 1672 360 1751 impediri
394 1675 586 1751 aliquomodo
616 1675 794 1750 videantur,
823 1696 985 1752 numquam
1013 1675 1187 1745 vincuntur,
1218 1674 1296 1752 quod
1326 1675 1359 1734 in

217 1761 274 1820 hoc
290 1766 415 1821 auctore
431 1768 462 1821 et
484 1763 515 1821 in
532 1763 603 1821 aliis
619 1763 835 1823 ecclesiasticis
859 1762 1033 1823 auctoribus
1057 1762 1210 1823 rationum
1227 1761 1359 1821 veritate

216 1847 350 1907 falsitati
373 1849 595 1910 reluctantibus
620 1850 765 1927 perfacile
788 1857 835 1910 est
858 1849 1058 1910 considerare.

235 1964 239 1971 ·
302 1934 340 1993 D.
363 1935 476 2011 Liquet
490 1937 580 2013 plane
595 1937 674 2014 quod
690 1937 769 1997 sicut
781 1938 888 1996 umbra
898 1936 967 2009 luci,
982 1937 1025 1997 sic
1044 1936 1166 1996 falsitas
1182 1937 1360 1996 succumbat

178 2021 345 2081 severitati
368 2041 492 2099 semper.

301 2108 343 2167 M.
367 2106 534 2169 Veniamus
556 2130 634 2171 nunc
657 2109 694 2169 ad
711 2111 865 2171 Romanos
885 2116 1024 2170 auctores
1038 2109 1210 2182 Aratorem,
1227 2107 1359 2168 Pruden-

214 2194 298 2267 tium‚
321 2195 466 2268 Tullium,
490 2197 666 2264 Salustium,
690 2197 840 2269 Boetium,
863 2198 1027 2267 Lucanum,
1049 2197 1216 2274 Virgilium
1238 2202 1270 2254 et
1285 2194 1359 2255 Ora·

214 2283 291 2340 tium
320 2282 578 2343 modernorum
602 2284 713 2343 studiis
736 2284 882 2360 usitatos,
915 2283 987 2360 quia
1018 2288 1156 2344 veterum
1189 2283 1358 2343 auctoritas

214 2369 319 2427 multis
349 2369 441 2429 aliis
472 2370 550 2430 idest
579 2371 851 2448 historiographia,
881 2369 1033 2448 tragedis‚
1065 2369 1203 2447 comicis,
1236 2369 1358 2429 musicis

177 2471 269 2514 abusa
292 2457 448 2532 probatur,
472 2458 581 2534 quibus
605 2458 695 2526 certis
719 2478 756 2517 ex
779 2457 879 2517 causis
904 2455 1040 2518 moderni
1063 2456 1186 2516 minime
1208 2461 1344 2516 utuntur.
1388 2512 1390 2518 A

299 2543 337 2602 l).
362 2542 492 2603 Causam
518 2545 606 2604 huius
630 2545 675 2605 rei
698 2544 775 2604 scire
800 2544 898 2621 cupio.

299 2631 342 2688 Μ.
367 2631 459 2690 Teste
489 2631 647 2692 Prisciano
685 2632 887 2708 grammatico
921 2637 951 2691 et
981 2629 1136 2692 nonnullis
1168 2630 1239 2690 aliis
1270 2628 1360 2689 multi

213 2716 374 2792 gentilium
392 2715 464 2776 libri
478 2717 657 2778 Christiana
680 2726 819 2796 tempora
835 2722 1073 2796 praecesserunt,
1098 2719 1130 2777 in
1152 2717 1261 2794 quibus
1281 2716 1359 2776 anti·

213 2802 264 2879 qui
288 2804 390 2863 studia
414 2825 468 2863 sua
491 2805 710 2876 contriverunt,
733 2826 809 2884 quae
824 2825 883 2866 non
898 2806 1011 2882 recipit
1032 2825 1086 2866 nec
1108 2805 1258 2883 approbat
1279 2823 1359 2864 nunc

174 2889 350 2962 aeecclesia,
381 2891 451 2967 quia
476 2891 566 2952 facile
588 2893 743 2971 respuitur
766 2912 844 2953 vana
867 2899 898 2952 et
920 2892 999 2952 falsa
1027 2892 1176 2965 doctrina,
1204 2890 1257 2951 uhi
1285 2890 1359 2950 inci·

213 2976 303 3053 piunt
326 2977 492 3039 clarescere
514 2977 629 3043 divina.

299 3064 338 3122 Ι).
364 3060 460 3142 lunge
482 3066 586 3142 itaque
610 3065 784 3142 praemissis
807 3066 1030 3136 Aratorem,
1058 3065 1130 3143 quia
1153 3069 1202 3126 tot
1224 3069 1255 3125 et
1277 3063 1358 3123 tanti

212 3156 284 3209 sunt
307 3151 377 3210 libri
407 3151 581 3228 dogmatum
613 3152 903 3224 ecclesiasticorum,
935 3158 969 3212 ut
998 3173 1058 3213 non
1088 3152 1216 3212 mult-um
1247 3157 1358 3229 egeant

211 3236 356 3297 ecclesiae
380 3237 435 3297 filii
459 3239 573 3299 instrui
596 3240 736 3299 vanitate
759 3239 905 3300 librorum
929 3239 1103 3317 gentilium.

299 3406 311 3442 3
343 3420 393 3455 vor
412 3402 488 3456 ‘dolo'
508 3403 545 3457 ist
564 3404 641 3457 ‘odio'
661 3403 766 3470 get'lgt.
852 3407 863 3444 7
896 3401 948 3455 lies
967 3401 1201 3522 propinquitati?

282 3475 310 3512 13
343 3475 385 3524 est
403 3471 483 3525 litera
502 3472 604 3525 deinde.
834 3476 863 3514 25
898 3472 962 3524 ‘usa’
982 3474 1024 3524 ste
1044 3473 1057 3524 t
1075 3471 1124 3522 auf
1140 3470 1238 3523 Rasur.

299 3619 323 3687 1]
342 3619 371 3671 in
395 3620 445 3672 den
469 3637 523 3672 von
552 3619 627 3672 Beck
653 3617 681 3670 in
708 3619 798 3671 seiner
822 3617 1022 3696 Theodulausg3
1051 3636 1076 3686 p.
1106 3618 1121 3670 6
1148 3621 1204 3672 not.
1232 3617 1356 3672 citierten

209 3689 339 3743 Scholion
356 3688 444 3742 heisst
462 3705 503 3741 es:
522 3703 595 3739 crore
610 3695 749 3755 pasturum
774 3688 944 3756 titiquutium
969 3686 1135 3752 adiutricem,
1161 3687 1300 3755 quiramus
1319 3693 1358 3742 est

206 3764 367 3880 postorssmq}
376 3764 407 3810 ut
425 3756 587 3880 sucqqrs7de
603 3756 684 3822 tuctu
702 3757 810 3826 litr'yeut
827 3772 909 3824 quum
927 3756 1009 3810 ceteri
1026 3756 1152 3810 tornines,

298 3826 324 3963 tl
352 3844 575 3949 ‘ddrhlhsaneritia’
617 3895 687 3948 auch
719 3895 756 3948 im
781 3895 856 3965 Spec.
886 3895 977 3961 Virg.;
1015 3894 1123 3948 ‘tutari’
1162 3894 1220 3947 hier
1243 3893 1272 3946 in
1296 3911 1356 3963 pas·

207 3965 296 4018 sivum
316 3965 404 4018 Sinne.

297 4034 322 4102 7]
342 4034 456 4087 Genesis
474 4035 516 4098 26,
535 4035 582 4096 2ος
602 4033 687 4088 Exod.
707 4035 731 4099 2,
753 4035 783 4088 16
802 4036 820 4088 f.

282 4108 310 4145 15
323 4120 403 4156 cursu
422 4104 483 4172 feu]
503 4121 523 4156 s.
544 4104 612 4157 oben
631 4104 657 4157 S.
677 4104 718 4167 33,
740 4104 779 4157 17.

280 4172 322 4241 19]
342 4189 362 4226 s.
383 4173 450 4226 oben
469 4191 502 4225 zu
520 4174 561 4236 45,
581 4173 596 4226 9
615 4173 658 4226 die
676 4173 810 4226 Parallele
829 4190 879 4227 aus
898 4173 931 4226 T¹
950 4174 990 4226 T2.
