3074 4854
637 244 851 300 -27—

176 415 209 475 in
232 414 320 474 libris
344 413 534 493 quadrifaria
557 412 722 491 accipitur:
746 413 784 472 ad
807 413 940 485 literam,
965 414 1002 472 ad
1026 433 1162 488 sensum,
1186 413 1224 472 ad
1248 414 1319 473 alle·

178 501 304 580 goriam,
327 502 365 561 ad
388 501 603 563 moralitatem.

263 588 302 648 Ι).
326 588 466 661 Quatuor
489 588 550 648 ista
573 586 700 647 resolve.

263 675 306 735 Μ.
328 674 518 752 Explanatio
542 681 591 734 est
613 673 658 733 ad
681 673 848 747 literam,
872 673 925 732 ubi
948 671 1061 733 dicitur
1076 672 1223 750 quomodo
1237 672 1318 734 nuda

73 797 75 801 .
178 761 270 821 litera
298 761 500 839 intelligenda
533 761 591 838 sit,
627 760 672 820 ad
704 780 868 833 sensum,
893 760 978 835 <ubi
1001 759 1149 834 dicitur>
1184 758 1222 819 ad
1245 760 1354 839 quido

177 849 327 909 referatur
350 849 428 927 quod
452 847 573 921 dicitur,
597 847 636 907 ad
659 846 913 924 allegoriam,
944 846 997 907 ubi
1018 845 1101 906 aliud
1129 845 1319 924 intelligitur

178 941 209 994 et
232 934 316 994 aliud
346 935 552 1012 significatur,
581 934 626 994 ad
649 934 934 1006 moralitatem,
966 931 1018 993 ubi
1042 933 1122 1011 quod
1144 933 1258 993 dicitur
1281 934 1319 993 ad

177 1040 276 1081 mores
309 1024 403 1082 bonos
431 1021 608 1083 excitandos
638 1021 838 1099 colendosque
860 1020 1038 1082 reflectitur.
1085 1020 1319 1098 Tropologia

178 1114 224 1168 est
247 1128 352 1168 sensus
376 1108 527 1187 spiritalis
551 1108 600 1168 vel
624 1107 747 1169 moralis
771 1107 991 1184 intelligentia.
1028 1108 1216 1184 Anagoge
1238 1107 1319 1168 idest

178 1194 316 1272 superior
332 1195 516 1258 intellectae.
552 1194 632 1255 Sunt
647 1194 739 1254 etiam
758 1202 839 1255 tres
855 1194 1005 1255 modiin
1020 1193 1121 1255 stilo
1137 1194 1317 1257 scribentis:
1328 1215 1355 1256 10

177 1281 308 1354 humilis,
332 1282 507 1354 mediocris,
530 1280 765 1358 grandiloquus,
788 1282 841 1342 ubi
864 1282 950 1340 iuxta
968 1280 1115 1341 materiae
1139 1279 1318 1358 qualitatem

178 1372 284 1429 auctor
307 1369 374 1428 stili
399 1369 446 1429 sui
473 1374 625 1446 temperat
652 1368 799 1430 ordinem.
845 1368 983 1445 Denique
1013 1367 1138 1445 plurimi
1162 1375 1319 1445 poetarum

177 1460 283 1532 poetas
310 1456 525 1533 praecedentes
555 1456 587 1516 in
621 1455 755 1516 carmine
783 1476 837 1516 suo
868 1455 965 1515 secuti
996 1461 1068 1514 sunt
1098 1460 1132 1514 ut
1156 1456 1319 1516 Terentius

178 1541 391 1615 Menandrum,
422 1543 547 1603 Oratius
578 1542 746 1614 Lucilium,
783 1541 939 1603 Salustius
962 1541 1108 1618 Livium,
1132 1542 1258 1602 Boetius
1282 1543 1318 1602 de

178 1630 387 1690 consolatione
403 1629 598 1701 Mattianum,
621 1629 743 1689 Statius
756 1629 924 1707 Virgilium
940 1629 972 1688 in
993 1629 1120 1704 Eneide,
1144 1629 1318 1690 Tbeodolns
1328 1649 1354 1690 15

179 1715 303 1776 eundem
336 1716 368 1775 in
397 1715 557 1788 bucolicis;
591 1716 634 1776 sio
665 1723 696 1776 et
728 1716 760 1775 in
791 1715 1006 1776 ecclesiasticis
1030 1715 1207 1776 auctoribus
1231 1716 1319 1777 multi

178 1802 373 1863 aliosseouti
396 1809 475 1863 sunt.
503 1803 564 1864 Neo
580 1809 612 1863 te
634 1804 743 1879 lateat,
767 1803 846 1880 quod
869 1803 900 1862 in
923 1803 1014 1862 libris
1037 1802 1238 1882 explanandis
1253 1799 1319 1863 VII

179 1889 346 1968 antiqui
370 1890 579 1967 requirebant:
603 1895 767 1967 auctorem,
790 1889 915 1949 titulum
933 1889 1041 1967 operis,
1065 1890 1208 1950 carminis
1226 1890 1320 1966 quali-

177 1981 288 2049 tatem,
311 1976 474 2036 scribentis
496 1976 716 2052 intentionem,
739 1977 889 2049 ordinem,
917 1996 1072 2036 numerum
1096 1975 1252 2050 librorum,
1273 1997 1320 2037 ex·

178 2063 401 2140 planationem;
431 2063 483 2123 sed
506 2063 676 2124 moderni
700 2059 768 2122 1111
790 2063 972 2140 requirenda
995 2069 1189 2124 censuerunt:
1220 2064 1355 2141 operisao

267 2232 422 2300 lanugoge]
441 2249 590 2299 anagogen.

252 2300 293 2368 14]
313 2299 454 2364 lucinium:
474 2332 506 2340 --
525 2299 654 2365 salustius,
680 2301 704 2353 d.
724 2299 750 2351 h.
770 2316 806 2351 an
824 2299 875 2351 den
894 2298 965 2351 Akk.
983 2298 1021 2352 ist
1039 2298 1126 2359 sofort
1142 2316 1195 2352 von
1216 2300 1239 2352 1.
1257 2300 1318 2364 Hd,

178 2368 276 2439 jedoeh
300 2369 369 2422 ohne
387 2370 504 2437 Tilgung
529 2371 577 2424 des
601 2369 645 2422 fiir
662 2369 692 2422 M
717 2368 866 2422 stehenden
883 2367 1144 2421 Horizontalstrichs
1162 2369 1211 2421 das
1229 2367 1318 2422 Nomi·

179 2438 328 2492 nativ—S
347 2439 516 2507 angebangt3
543 2439 622 2493 einen
638 2436 873 2492 Anachrouismus
897 2436 1002 2503 bezilgl.
1030 2437 1077 2489 der
1093 2436 1254 2490 chenszeit
1272 2438 1319 2490 des

180 2505 245 2560 Sall.
264 2508 320 2560 und
338 2508 386 2562 des
403 2507 461 2562 Liv.
479 2508 547 2561 wird
565 2526 629 2562 man
647 2508 680 2563 K.
699 2507 772 2560 wohl
790 2509 923 2559 zutrauen
940 2512 1059 2559 mussan.

184 2638 186 2643 .
251 2577 293 2645 1ὃ]
312 2576 506 2631 martinianum
513 2597 519 2642 ;
533 2577 634 2644 richtig
646 2577 684 2631 ist
694 2576 736 2630 die
745 2575 939 2629 Namensform
951 2577 1034 2628 unten
1045 2575 1094 2628 auf
1101 2575 1143 2629 Bl.
1156 2576 1205 2629 102
1216 2576 1318 2630 dcrHa.

267 2732 292 2800 3]
313 2732 383 2785 auch
407 2733 445 2786 im
468 2733 486 2786 S
506 2750 544 2786 cc.
562 2733 638 2800 Virg.
666 2732 775 2786 bedient
802 2730 860 2784 sich
888 2730 931 2784 die
959 2729 1100 2784 Sohiilerin
1121 2730 1150 2784 in
1176 2730 1320 2784 bbulichen

181 2798 290 2853 kleinen
308 2802 400 2854 Bitten
419 2803 466 2856 des
523 2805 595 2856 ortes
614 2802 751 2856 resolvere
770 2800 821 2854 mit
839 2799 973 2854 Vorliebc.

268 2870 293 2938 4]
313 2871 368 2937 vgl.
387 2871 488 2924 Bern.
507 2871 607 2940 Traj.:
629 2871 759 2926 Tbeodcli
777 2872 897 2938 eplopam
916 2869 953 2922 ad
972 2869 1079 2922 literam
1098 2874 1122 2921 et
1134 2869 1278 2936 allepcriee
1296 2874 1321 2921 et

176 2938 316 3007 plerisque
334 2943 363 2991 in
384 2942 450 2993 locis
468 2941 606 2993 moraliter
624 2941 773 3009 euplanaoi
783 2961 789 3003 ;
808 2939 950 2992 noarssime
969 2954 1032 2991 aero
1051 2937 1198 2991 dictionum
1218 2954 1321 3006 quoque

181 3013 309 3062 liciturum
326 3010 419 3076 pueris
433 3011 580 3078 pueriliter
598 3010 709 3077 aperui,·
725 3010 805 3075 Hugo
818 3010 850 3062 de
861 3008 887 3061 S.
896 3007 1014 3072 Victore,
1023 3006 1115 3074 Migne
1126 3008 1183 3072 176,
1192 3007 1249 3061 789.
1260 3007 1319 3060 806.
1384 3068 1386 3071 .

269 3078 294 3146 6]
312 3078 404 3144 leid,
427 3097 464 3132 or.
488 3079 507 3143 Ι,
527 3079 569 3146 36,
595 3080 640 3132 22:
674 3080 806 3148 alleporia
832 3084 870 3131 est
895 3078 1112 3145 alieniloquium
1140 3075 1220 3129 aliud
1252 3077 1322 3129 enim

179 3151 266 3211 sonat,
286 3147 365 3200 aliud
384 3148 554 3216 intellipitur.

254 3216 296 3336 142¹]
316 3233 411 3271 ausser
429 3217 523 3282 isidor,
543 3235 580 3270 or.
600 3218 633 3280 Il,
654 3217 693 3281 17,
714 3218 727 3270 1
753 3216 858 3287 sprieht
874 3232 929 3268 von
948 3215 999 3268 den
1018 3214 1074 3267 drei
1093 3214 1224 3268 Stilarten
1247 3233 1269 3270 z.
1289 3215 1319 3268 Β.

183 3284 252 3337 auch
296 3286 304 3315 ¹
328 3286 366 3339 im
384 3286 532 3340 Abschnitt
555 3286 623 3339 tiber
640 3286 749 3351 Lakan,
778 3284 890 3339 Servius
908 3302 943 3337 zu
960 3284 1042 3351 Verg.
1067 3284 1145 3352 (Aen.
1164 3303 1189 3354 p.
1208 3285 1232 3349 4,
1249 3285 1319 3338 9ed.

181 3353 260 3406 Thilo
279 3354 291 3405 I
309 3355 364 3407 und
384 3357 441 3409 buc.
461 3374 486 3426 p.
505 3356 538 3409 95
551 3356 591 3408 ed.
610 3356 679 3408 Lion
696 3356 741 3423 H).

254 3423 296 3491 13]
315 3424 469 3494 Hierony
477 3442 512 3478 m.
532 3424 610 3494 epist.
630 3426 662 3477 57
675 3448 705 3468 =
716 3423 809 3491 Migne
827 3423 868 3488 22,
883 3423 947 3476 571:
968 3422 1110 3477 Terentius
1127 3421 1319 3487 Menandrum,

181 3491 300 3545 Plautus
318 3499 342 3545 et
361 3495 478 3548 Ceoilius
495 3499 593 3546 ueteres
611 3494 726 3546 comicos
744 3493 916 3562 interpretati
934 3497 1004 3544 sunt.

253 3560 294 3628 17]
314 3561 412 3616 Bern.
432 3562 521 3631 Traj.
553 3563 706 3632 (Vorrede):
732 3563 853 3631 primum
878 3562 969 3628 itaque
989 3560 1120 3628 quiequid
1145 3562 1176 3612 ia
1193 3560 1321 3613 librorum

176 3629 327 3697 principiis
335 3633 483 3685 moderni
492 3638 515 3684 et
526 3632 664 3700 critique·
681 3631 845 3700 requirenda
856 3633 1099 3700 censentprcpcsui
1109 3636 1134 3682 et
1143 3630 1271 3697 esposui3
1285 3647 1321 3682 an

181 3701 304 3768 spaterer
323 3698 419 3754 Stella:
447 3702 477 3753 in
496 3701 573 3753 libris
592 3701 699 3768 quidem
717 3700 901 3770 explanandis
919 3702 1027 3770 antiqui
1055 3716 1106 3752 non
1133 3701 1224 3752 minus
1241 3714 1321 3766 quam

180 3773 286 3836 septem,
309 3771 431 3822 moderni
450 3777 569 3839 quatuor
586 3772 724 3838 requirere
741 3773 836 3824 solent:
856 3771 940 3823 eitam
954 3770 1083 3829 creatoris,
1102 3774 1133 3821 ul
1151 3785 1184 3821 ea
1203 3783 1235 3820 eu
1254 3784 1321 3838 opus

181 3836 376 3891 comprendetnr
393 3857 419 3891 u.
438 3857 460 3893 s.
478 3857 525 3903 rr.;
556 3839 708 3904 ServiuS,
737 3857 834 3892 comm.
858 3839 886 3892 in
905 3840 994 3906 Verg,
1021 3842 1086 3892 tom.
1106 3839 1126 3902 I,
1154 3856 1178 3908 p.
1198 3837 1221 3902 3,
1246 3837 1320 3890 led.

181 3906 271 3959 Thilo:
291 3907 319 3958 in
339 3909 506 3976 reponendis
524 3909 681 3962 auctoribus
698 3909 763 3962 baec
782 3909 980 3962 consideranda
997 3914 1069 3961 sunt:
1088 3913 1183 3976 poetae
1201 3908 1269 3971 uita,
1288 3907 1322 3960 n·-

180 3977 254 4029 tulus
279 3978 375 4044 operis,
400 3979 520 4045 qualitas
546 3979 684 4042 earrninis,
711 3978 853 4031 scribentis
880 3978 1002 4042 intentio,
1031 3993 1157 4029 numerus
1184 3976 1320 4039 librorum,

181 4045 248 4098 crdo
275 4045 406 4099 librorum
434 4048 606 4116 expiandum
638 4047 711 4101 diosc
729 4047 887 4114 Einteilung
914 4046 964 4100 hat
982 4065 1004 4100 e.
1024 4048 1055 4101 B.
1075 4046 1146 4099 auch
1163 4045 1202 4097 T¹
1220 4045 1259 4098 T²
1282 4044 1320 4098 im

181 4114 455 4170 Seduliusabschuitt.

252 4184 294 4252 ⁸20]
314 4187 408 4239 Bern.
428 4184 532 4255 Trej.:
552 4191 686 4252 qrruerunt
704 4185 792 4254 ipitur
804 4185 894 4253 operis
911 4184 1060 4248 materiam,
1080 4184 1222 4238 scribentis
1238 4184 1322 4236 inten-

181 4255 278 4305 tionem
296 4262 319 4308 et
339 4256 375 4307 ad
394 4272 474 4323 qrmm
488 4254 675 4323 philosophiae
694 4255 787 4308 tendat
801 4259 920 4322 parterm
952 4255 993 4323 (es
1016 4253 1084 4306 wird
1112 4255 1184 4307 darm
1206 4252 1320 4307 Aristot.
