3074 4854
714 208 928 266 -.80-

244 380 299 441 tibi
321 378 508 459 profecimus,
537 377 703 438 communis
725 376 780 436 erit
803 376 957 437 amborum
979 379 1112 440 docentis
1134 389 1164 440 et
1185 380 1325 441 discentis
1348 401 1387 443 ex

245 466 374 528 utilitate
396 465 553 544 profectus

333 553 368 614 l).
390 552 487 612 Nemo
510 550 543 610 fit
565 559 686 629 repente
708 570 841 610 summus
848 572 855 622 ;
882 548 1011 611 fructum
1035 552 1143 612 artium
1166 552 1335 613 liberalium
1357 563 1388 614 et

245 638 427 700 naturalium
451 648 580 717 ternpore
596 637 643 697 vel
666 646 774 696 natura
789 637 971 696 metiendum
986 647 1067 716 puto,
1090 640 1168 717 quia.
1191 640 1250 699 nisi
1264 650 1387 701 natura-

223 726 282 786 slis
313 726 426 804 ingenii
452 724 552 785 fervor
580 724 687 783 insitus
717 732 893 803 tempusque
922 723 1073 802 prolixum
1096 725 1245 786 hominem
1268 727 1308 787 ad
1329 727 1386 787 has

245 821 347 892 portas
370 811 556 891 promoverit,
578 811 731 871 introitum
754 809 793 869 ad
814 811 956 870 interiora
977 811 1125 890 quomodo
1148 812 1299 891 sperabit?
1326 813 1386 875 Sed

245 900 282 960 de
304 899 461 959 materia
483 897 531 957 vel
554 897 766 956 intentione
789 917 890 956 eorum
912 897 963 976 qui
986 898 1094 958 artium
1109 899 1235 958 istarum
1251 909 1385 961 auctores

244 987 367 1046 fuerunt
387 985 458 1064 quid
481 983 638 1044 dicendum
662 984 726 1043 est?

334 1069 441 1138 <Μ.>
453 1070 610 1147 Quomodo
617 1078 647 1129 et
658 1069 810 1130 naturales
819 1070 995 1149 disciplinae
1007 1081 1140 1132 carerent
1153 1072 1280 1132 materia
1290 1072 1385 1132 inten-

210 1159 325 1220 10ti0ne
347 1158 396 1220 vel
418 1178 509 1218 causa
532 1155 623 1228 finali,
647 1176 721 1228 cum,
745 1156 803 1216 nisi
825 1159 962 1237 primitus
984 1158 1059 1218 haec
1081 1168 1180 1218 essent
1203 1179 1292 1219 sensu
1315 1179 1385 1219 auc-

247 1245 316 1305 toris
339 1245 461 1305 rationis
484 1244 587 1303 ordine
616 1242 772 1321 disposita,
804 1245 892 1304 nulla
913 1245 1055 1323 propositi
1086 1246 1182 1324 operis
1215 1255 1386 1324 sequeretur

245 1331 398 1392 efficacia?
421 1331 638 1391 Verumtamen
654 1349 714 1389 non
729 1331 857 1390 multum
872 1330 926 1391 tibi
942 1331 1128 1391 causandum
1143 1341 1189 1392 est
1208 1332 1247 1393 de
1262 1334 1387 1392 materia

245 1420 407 1497 ceterisque
434 1417 564 1476 liminari
587 1416 716 1494 paginae
738 1416 1068 1497 comprehendentibus,
1098 1419 1170 1497 quia
1192 1439 1230 1478 ex
1253 1419 1386 1497 ipsarum

174 1506 237 1602 {11⁸2st
245 1505 470 1584 disciplinarum
493 1501 786 1564 vocabulismateu'a
808 1504 858 1565 vel
880 1505 1007 1564 intentio
1021 1524 1023 1585 ξ
1038 1506 1227 1583 cognoscitur
1249 1506 1386 1566 auctoris.

211 1612 236 1654 1s
246 1592 361 1671 Magna
388 1592 466 1651 enim
495 1589 661 1649 differentia
690 1588 766 1650 inter
789 1590 937 1652 vocabula
964 1600 1074 1651 eventu
1100 1600 1211 1651 natura
1233 1592 1280 1651 vel
1309 1600 1387 1652 certe

246 1677 342 1738 officio
365 1677 540 1737 mortalibus
563 1677 716 1754 impressa,
744 1676 795 1736 ubi
818 1698 924 1737 nomen
947 1678 1080 1756 personis
1103 1678 1318 1757 aparentibus
1341 1679 1385 1736 in·

246 1765 341 1824 ditum
357 1763 433 1823 nihil
457 1763 494 1823 de
516 1762 630 1823 artibus
653 1763 684 1821 in
707 1763 747 1823 eis
770 1763 877 1824 futuris
900 1773 996 1834 sonat
1015 1773 1045 1824 et
1065 1763 1121 1823 illa
1136 1764 1293 1839 vocabula,
1308 1785 1387 1843 quae

246 1852 341 1930 ipsius
357 1850 486 1911 nominis
509 1848 712 1928 appellatione
730 1851 802 1910 artis
816 1850 974 1911 efficatiam
991 1852 1023 1909 in
1038 1860 1158 1911 auctore
1172 1851 1385 1912 demonstrant

333 1938 372 1996 l).
395 1937 528 1998 Ostende
550 1935 630 2015 quod
653 1936 726 1996 dicis
750 1938 889 2016 apertius.

210 2044 237 2087 20
332 2026 374 2084 M.
397 2023 491 2084 Verbi
513 2023 619 2102 gratia,
642 2043 708 2082 cum
732 2022 798 2084 dico
821 2022 975 2102 ‘Virgilius
992 2023 1107 2084 Statius
1129 2022 1299 2098 Salustius’,
1322 2023 1388 2084 nul·

246 2110 305 2170 lius
327 2111 423 2189 operis
447 2109 606 2170 efficatiam
637 2109 817 2188 significanti
840 2109 1041 2188 intelligentia
1063 2109 1218 2170 vocabulis
1241 2111 1287 2170 his
1311 2131 1388 2171 corn·

247 2197 424 2276 prehensam
458 2197 639 2268 demonstro,
672 2197 729 2255 nisi
761 2197 859 2257 dicam
892 2196 970 2257 ‘hinc
1000 2196 1050 2257 vel
1083 2196 1154 2256 inde
1180 2197 1232 2257 ille
1260 2197 1309 2258 vel
1337 2197 1389 2258 ille

248 2283 386 2363 scripsit’,
420 2283 491 2362 quia
523 2293 553 2342 et
580 2283 658 2342 aliae
684 2293 811 2362 possunt
841 2304 905 2343 esse
938 2303 1081 2362 personae
1112 2283 1200 2342 simili
1232 2285 1389 2344 nominum

249 2369 450 2448 appellatione
477 2379 598 2430 notatae
627 2378 657 2429 et
686 2370 805 2430 eaedem
832 2369 950 2430 idiotae.
995 2370 1070 2430 Cum
1094 2389 1164 2430 vero
1194 2369 1260 2430 dico
1283 2377 1388 2448 ‘gram-

212 2457 358 2519 atmatica
379 2456 535 2517 dialectica
557 2456 719 2528 rethorica,
742 2457 774 2515 in
797 2457 863 2535 ipsa
885 2457 1037 2516 nominum
1057 2456 1263 2517 enuntiatione
1279 2457 1388 2516 artium

247 2544 488 2622 consequentiam
507 2543 583 2602 idest
598 2544 752 2602 materiam
767 2542 962 2603 intentionem
979 2563 1100 2603 causam
1118 2541 1240 2602 finalem
1255 2543 1387 2604 ostendo.

249 2629 360 2689 Verum
390 2629 526 2690 adhibita
553 2629 685 2708 ipsarum
712 2629 936 2709 disciplinarum
968 2629 1146 2689 diffinitione
1173 2630 1279 2690 melius
1309 2629 1388 2708 quod

246 2716 371 2777 dicimus
395 2717 503 2795 poteris
526 2717 686 2776 advertere.
724 2715 971 2777 Grammatica
993 2737 1011 2776 a
1029 2715 1121 2776 literis
1137 2736 1247 2777 nomen
1260 2716 1387 2795 accepit;

246 2813 414 2880 grammata
445 2803 524 2862 enim
554 2801 663 2863 Graeci
696 2802 797 2862 literas
830 2803 946 2875 dicunt,
978 2802 1048 2862 inde
1081 2804 1279 2881 grammatica
1301 2803 1388 2881 quasi

211 2889 411 2952 soliteratoria
457 2889 574 2950 dicitur.
647 2889 705 2950 Est
752 2899 852 2950 autem
893 2890 1089 2967 grammatica
1125 2899 1203 2949 recte
1247 2889 1387 2969 loquendi

247 2977 371 3036 scientia
399 2977 466 3055 ipsa
494 2985 523 3035 et
552 2977 633 3054 origo
655 2985 685 3035 et
706 2975 935 3036 fundamentum
958 2975 1128 3035 liberalium
1151 2975 1387 3056 disciplinarum.

247 3062 310 3138 Qui
333 3063 411 3122 enim
441 3062 542 3122 literas
564 3063 689 3140 ignorat,
722 3084 783 3142 qua
803 3063 919 3122 ratione
940 3062 1094 3122 literarum
1116 3061 1247 3122 officium
1269 3063 1301 3122 in
1323 3061 1389 3122 reli·

247 3151 312 3228 quis
339 3149 503 3228 disciplinis
535 3150 724 3228 exsequitur?
768 3150 907 3228 Denique
936 3149 1127 3209 rethorica
1154 3169 1262 3227 graeca
1285 3148 1388 3228 appel·

246 3235 357 3296 latione
385 3256 441 3314 apo
466 3245 499 3296 tu
528 3235 684 3295 rethorisin
705 3236 783 3296 idest
804 3257 823 3295 a
845 3236 932 3315 copia
953 3235 1111 3295 locutionis
1134 3234 1256 3307 dicitur3
1289 3235 1389 3296 rethor

211 3323 325 3384 etenim
355 3331 465 3395 orator,
496 3321 643 3381 rethorica
665 3324 794 3383 oratoria
816 3322 932 3382 dicitur.
977 3323 1070 3382 Porro
1093 3321 1309 3382 dialectica
1330 3321 1389 3381 dis·

317 3475 342 3544 9]
362 3475 411 3527 das
429 3475 468 3530 M.
488 3475 565 3528 fehlt.
673 3474 714 3543 13]
734 3474 977 3543 comprehentibus
1085 3474 1126 3544 18]
1146 3476 1327 3528 demonstrat.

315 3632 428 3700 28-31]
448 3631 540 3696 isid,
560 3649 598 3685 or.
617 3632 637 3697 I,
657 3633 680 3695 5,
696 3632 722 3683 1:
741 3631 920 3698 prumrnatica
939 3637 978 3683 est
994 3629 1110 3684 seientia
1127 3635 1197 3683 recta
1217 3630 1343 3700 loquendi
1361 3635 1388 3683 et

246 3701 324 3769 oripo
349 3706 373 3753 et
393 3701 599 3765 fuudamentum
623 3701 777 3752 liberalium
801 3700 959 3766 literaturam
983 3718 1026 3752 μ
1043 3700 1223 3768 grammatica
1253 3705 1342 3754 uatem
1369 3716 1387 3752 a

246 3771 333 3823 literis
350 3785 444 3822 norrun
462 3772 577 3838 accepit;
596 3771 727 3843 γράμματα
746 3770 814 3821 enim
834 3769 936 3822 Graeci
954 3770 1048 3823 citeras
1064 3775 1168 3822 cocunt.

318 3844 346 3881 32
358 3839 398 3892 lit.
417 3838 482 3909 ign]
502 3841 556 3907 vgl.
577 3841 645 3894 oben
663 3840 704 3904 41,
724 3840 765 3904 27,

318 3909 360 3978 33]
380 3908 472 3973 Isiu,
498 3927 535 3962 or.
554 3909 587 3974 II,
615 3909 684 3973 1,1:
708 3907 785 3960 dictu
807 3914 896 3961 autem
921 3907 1055 3960 rhetorica
1079 3922 1179 3976 praeca
1206 3907 1388 3974 apellatione

248 3976 297 4030 tat
323 3988 366 4029 reo
393 3977 537 4049 p‘qmpiZsu
562 3979 632 4031 idest
657 3995 674 4029 u
698 3977 777 4044 copta
802 3977 961 4042 locutionis3
991 3977 1066 4050 (sapa
1085 3976 1155 4028 enim
1173 3992 1230 4045 upa
1269 3976 1389 4030 Graecos

247 4047 348 4101 locutio
367 4047 478 4108 dicitnr,
498 4047 588 4119 ῥήτωρ
608 4052 708 4100 orator.
1382 4088 1384 4092 ,

318 4117 360 4185 35]
381 4116 469 4181 laid,
499 4135 536 4170 or.
555 4118 588 4182 ll,
612 4117 653 4180 22,
678 4117 691 4168 1
711 4116 766 4168 und
784 4117 813 4168 2:
840 4114 982 4169 dialectico
1006 4120 1044 4168 est
1068 4114 1216 4182 disciplina
1234 4113 1271 4166 ud
1290 4112 1390 4166 discer-

247 4185 350 4239 nendas
373 4201 463 4238 rerum
488 4203 584 4239 cerasos
609 4187 721 4238 incauta
743 4203 787 4237 μ
810 4184 984 4250 diffiniendi,
1011 4184 1160 4253 quaerendi
1188 4190 1213 4237 et
1237 4180 1390 4236 disserendi
