3074 4854
520 195 840 272 'flac-

156 385 332 464 praemissis
366 405 483 462 appone
514 384 724 458 Prudentium,
764 385 849 444 cuius
880 405 953 462 opus
984 382 1092 443 estimo
1129 383 1304 443 adnomen

156 473 289 534 auctoris
313 471 527 532 inflectendum
551 465 719 534 ¹verissime.

244 592 351 665 Super
371 590 604 652 Prudentium.
626 592 689 671 (M.)
724 593 908 653 Prudentius
936 592 1015 652 enim
1038 591 1097 650 iste
1122 589 1302 650 literatoriis

156 678 269 740 studiis
300 686 525 741 consummatus
554 680 650 740 multa
681 680 730 740 vel
755 681 839 740 vitae
870 680 920 740 vel
942 678 1100 739 doctrinae
1124 677 1303 738 scolasticae

159 767 342 826 monimenta
370 766 497 843 reliquit
528 767 688 844 ecclesiae,
725 768 809 827 onius
841 767 930 826 stilus
958 765 1080 827 videtur
1118 785 1151 825 eo
1194 764 1326 823 ceterist

157 853 341 913 eminentior
364 859 394 913 et
417 853 568 931 apertior,
599 874 656 930 qno
680 854 810 914 seculari
833 853 996 914 literatura
1021 853 1070 913 vel
1093 856 1175 911 certe
1198 850 1304 910 divina

159 940 257 1018 magis
282 960 354 1016 prae
378 942 488 1000 ceteris
513 960 579 1000 eum
594 942 758 1018 profecisse
781 961 840 1001 non
867 938 1038 1002 dubitatur.
1074 938 1207 1016 Scripsit
1232 957 1303 1015 ergo

158 1034 267 1088 contra
290 1027 496 1087 Simmachum
519 1029 612 1089 libros
643 1027 717 1089 dnos
741 1028 867 1088 metrico
891 1027 963 1087 stilo
988 1033 1145 1090 exaratos,
1179 1025 1305 1102 scripsit

159 1116 192 1173 in
215 1114 333 1174 landem
357 1114 476 1175 Christi
508 1123 537 1174 et
566 1115 726 1174 martirum
758 1115 821 1175 eius
846 1114 967 1174 diverso
996 1119 1093 1174 metro
1118 1113 1229 1171 librum
1253 1111 1304 1188 qni

160 1201 340 1261 intitulatur
369 1200 447 1261 liber
478 1222 650 1279 ymnorum,
682 1202 734 1261 uhi
758 1202 850 1261 etiam
881 1200 987 1261 tardae
1013 1199 1202 1278 penitentiae
1233 1219 1304 1258 snae
1315 1212 1341 1253 1ο

160 1288 299 1347 meminit
322 1294 442 1349 etcum
466 1289 536 1349 aliis
560 1310 591 1349 se
614 1289 646 1348 in
665 1288 785 1348 laudem
807 1287 985 1348 divinitatis
1011 1287 1150 1347 accendit
1158 1306 1320 1363 ;=compo··

159 1375 223 1435 snit
237 1380 268 1434 et
286 1376 408 1436 libellos
429 1396 538 1454 graeco
554 1376 702 1436 vocabulo
727 1376 901 1436 intitulatos
916 1374 996 1434 idest
1012 1373 1190 1451 apotheosis
1209 1378 1304 1448 <et>

159 1462 366 1540 amartigenia
396 1465 451 1523 hoc
480 1469 527 1522 est
556 1463 591 1522 de
623 1462 787 1522 divinitate
823 1467 853 1522 et
884 1462 920 1521 de
952 1461 1070 1539 origine
1099 1465 1306 1541 peccatorum

159 1549 332 1626 composuit
364 1549 511 1626 quaedam
549 1550 585 1610 de
614 1570 692 1610 novo
727 1555 758 1608 et
787 1550 884 1609 veteri
915 1553 1114 1622 testamento,
1147 1567 1306 1608 exameron

160 1636 254 1696 etiam
280 1636 316 1694 de
338 1635 443 1695 mundi
465 1637 584 1697 fabrica
607 1656 700 1713 usqne
724 1636 762 1695 ad
785 1635 990 1696 conditionem
1015 1634 1254 1713 primihominis
1278 1641 1342 1694 etro

162 1724 282 1798 lapsum
303 1721 378 1782 eins.
413 1720 540 1782 Adiecit
562 1729 593 1782 et
616 1723 709 1782 istum
732 1743 820 1802 quem
842 1721 988 1782 hahemus
1012 1724 1044 1782 in
1067 1722 1206 1782 manibus
1229 1721 1308 1781 idest

162 1808 421 1886 psichomachiam
446 1809 496 1885 qui
519 1810 615 1869 latine
635 1810 789 1887 depugna
812 1809 931 1869 animae
954 1808 1076 1881 dicitur,
1098 1808 1130 1868 in
1148 1829 1205 1886 quo
1229 1808 1308 1869 libro

161 1895 411 1955 colluctationem
435 1896 535 1955 carnis
559 1902 591 1956 et
605 1896 733 1974 spiritus
756 1897 890 1973 perfecte
909 1895 1163 1974 comprehendens
1183 1896 1215 1955 in
1229 1895 1308 1956 vitia

162 1988 292 2059 septena
315 1982 364 2041 vel
386 1982 488 2059 potius
512 1989 578 2044 octo
602 1983 789 2061 dispertivit,
817 1983 968 2061 incipiens
994 1985 1031 2044 ab
1054 1982 1209 2061 ydolatria
1232 2003 1309 2061 qnae

164 2069 294 2146 primum
310 2073 338 2142 <
343 2068 407 2142 in>
422 2069 513 2129 terris
532 2070 671 2131 omnibus
684 2072 805 2130 cultura
816 2069 994 2130 detestabili
1008 2070 1148 2130 nascenti
1162 2069 1343 2130 ecclesiaeac

165 2153 256 2215 velud
272 2157 348 2215 obex
364 2156 574 2217 validissimae
593 2157 816 2235 repugnantiae
833 2157 907 2218 adso
930 2179 962 2218 se
978 2158 1131 2235 obposuit,
1154 2163 1190 2216 ut
1202 2156 1307 2216 multis

166 2242 324 2301 martirum
347 2242 470 2303 milibus
491 2243 613 2306 initium
634 2244 706 2305 fidei
725 2249 918 2306 consecraret
934 2245 983 2305 vel
998 2244 1101 2322 potius
1114 2243 1309 2304 confirmaret

163 2329 268 2406 sicque
291 2329 414 2389 tandem
436 2331 631 2408 praevalente
653 2332 777 2392 iusticia
800 2331 854 2391 vix
880 2332 1023 2392 convicta
1046 2331 1198 2402 deficeret,
1229 2330 1310 2390 sicut

164 2416 245 2476 idem
286 2422 392 2477 auctor
429 2418 563 2478 ostendit
598 2418 716 2479 dicens:
764 2417 991 2496 ‘difficilemque
1026 2419 1143 2478 obitum
1176 2408 1310 2495 suspiria

165 2503 259 2583 longa
281 2503 437 2581 fatigant'.
485 2504 553 2578 Qua
576 2505 661 2566 victa
690 2506 760 2566 fidei
785 2505 917 2566 victoria
939 2507 983 2567 sio
1006 2505 1139 2583 reliquas
1162 2505 1193 2564 in
1222 2523 1346 2582 opereat

163 2610 218 2648 suo
253 2589 399 2650 vitiorum
433 2591 529 2651 furias
567 2593 722 2654 ordinasse
761 2594 992 2670 <probatur>‚
1030 2592 1109 2652 sicut
1144 2597 1312 2669 potuerunt

166 2676 343 2754 primitivae
369 2678 514 2738 ecclesiae
545 2698 686 2756 processu
712 2679 857 2758 temporis
885 2684 916 2738 et
945 2698 1068 2739 excessu
1097 2679 1242 2739 virtutum
1278 2679 1310 2738 in

166 2763 424 2844 multiplicatione
447 2764 579 2825 fidelium
604 2786 771 2827 occurrere.

254 2867 293 2926 1).
316 2867 415 2940 Quam
445 2869 543 2945 igitur
574 2855 731 2932 materiam
761 2871 810 2930 rel
834 2870 1034 2932 intentionem
1063 2870 1197 2932 auctoris
1222 2867 1311 2930 huius

168 2954 369 3015 habebimus?
1320 2975 1347 3017 ac

166 3095 480 3102 ——-—-—

256 3156 280 3224 1]
300 3157 337 3208 ΤΙ
360 3157 412 3210 '1¹²2
444 3157 610 3211 Prudentius
636 3174 690 3211 riou
712 3159 770 3212 siue
795 3177 879 3215 causo
905 3161 1023 3225 diuitum
1051 3162 1129 3216 utrtlti
1153 3163 1224 3214 euim
1248 3168 1311 3216 suut

167 3226 309 3292 sapientae.
328 3226 375 3278 sed
393 3242 447 3279 uon
462 3227 619 3294 prudentes.

258 3295 317 3362 711]
337 3297 379 3349 die
397 3296 530 3363 Angaben
554 3297 620 3350 liber
644 3298 686 3350 die
706 3297 843 3351 Schriften
869 3299 917 3350 dos
935 3297 978 3351 Pr.
1004 3297 1064 3351 sind
1082 3298 1242 3351 wesentlich
1261 3315 1311 3352 aus

150 3362 380 3498 'Ghm'hlllius’
400 3382 423 3418 o·
444 3366 475 3419 13
495 3366 639 3435 geschtpft
657 3367 719 3435 (den
737 3367 837 3420 wieder
855 3367 954 3420 Honor.
974 3367 1126 3433 Augustod.
1145 3369 1178 3431 Il,
1199 3368 1231 3421 13
1250 3383 1311 3420 ans·

167 3448 199 3484 so
220 3449 258 3484 191
302 3473 307 3484 .

241 3501 317 3569 muz]
336 3501 500 3558 Gennadins'
511 3504 657 3556 Ausdruck
668 3503 946 3571 ‘praeno-icationem'
960 3503 1008 3556 hat
1017 3504 1128 3557 Kourad
1141 3523 1174 3557 zu
1188 3505 1310 3574 ‘lapsum'

169 3569 349 3643 abgeitndert;
369 3572 514 3644 ψυχομαχία
532 3573 669 3626 ithersetzt
687 3591 716 3625 er
728 3572 779 3625 wie
789 3573 822 3626 T¹
832 3572 865 3626 Τ”2
878 3573 928 3626 mit
941 3574 981 3625 ‘de
993 3590 1084 3642 pugna
1097 3573 1219 3638 animae',
1239 3574 1312 3627 wah-

171 3639 236 3691 rend
254 3641 375 3694 Gennad.
394 3643 443 3695 das
462 3642 578 3699 seltnere
597 3642 677 3695 Wort
695 3643 923 3711 ‘courpupuoutta'
942 3641 1033 3695 hietat.

241 3708 283 3776 16]
304 3714 391 3777 ‘quem
410 3710 471 3765 hah.
490 3711 518 3764 in
536 3711 615 3764 mans
635 3711 743 3764 mochte
761 3711 805 3764 ich
823 3710 900 3764 nicht
917 3711 968 3763 nie
988 3710 1101 3775 suine,
1135 3711 1216 3765 Kath.
1237 3712 1311 3776 1888,

168 3776 228 3840 411,
249 3777 331 3831 dahin
351 3780 463 3843 (19111911,
484 3782 548 3833 dass
566 3780 677 3833 Konrad
696 3797 791 3833 ausser
810 3782 856 3834 der
874 3779 1091 3850 Psyohomachia
1109 3781 1199 3834 niohts
1218 3783 1311 3836 weitcr

170 3864 223 3899 von
242 3846 406 3901 Prudentius
425 3851 545 3916 gekannt
563 3849 647 3911 habe;
666 3848 721 3915 vgl.
741 3853 825 3902 unten
844 3851 885 3915 57,
906 3852 929 3902 9.

243 3917 406 4054 illidi&
419 3918 622 4056 &diffluit
641 3987 673 4039 1.
694 3987 735 4040 35.

243 4056 285 4124 26]
304 4056 332 4108 in
341 4056 466 4110 Kourads
477 4055 578 4111 Schrit‘t
596 4056 628 4108 de
647 4055 726 4110 fruct.
747 4073 819 4109 carn.
839 4057 944 4110 kommt
963 4058 1009 4109 der
1019 4057 1164 4110 Ausdruck
1175 4057 1312 4110 ‘vitiorum

170 4123 278 4188 furiae',
305 4126 356 4177 den
381 4125 450 4179 auch
468 4124 598 4177 Wilhclm
623 4125 670 4192 (M.
691 4127 753 4189 150,
781 4126 857 4192 1640)
882 4125 1044 4192 gebraucht,
1072 4125 1194 4179 zweimal
1212 4144 1262 4180 vor
1281 4150 1312 4172 =

172 4193 264 4259 Migne
285 4195 340 4258 176,
360 4195 410 4248 999
429 4195 483 4247 und
504 4195 583 4258 1004;
602 4193 710 4261 Verg,
730 4196 797 4247 Aen.
818 4195 840 4258 3,
860 4195 908 4248 331
929 4196 1063 4248 ‘scelerum
1080 4196 1190 4260 furine'.

1210 4283 1227 4334 4
