3074 4854
647 204 903 267 .-78-

224 369 360 450 partibus
385 376 413 444 <
421 370 566 449 partim>
592 370 848 432 arihtmetica
871 368 1043 449 speculatur
1065 369 1229 447 integritas
1256 371 1365 448 partim

225 457 328 517 musici
353 456 563 516 modulaminis
587 466 821 535 temperamenta
844 463 1031 536 pernoscunt,
1056 455 1164 532 partim
1188 457 1365 533 geometrica

151 538 214 634 {¹1⁸1st
225 543 336 603 noticia
351 544 353 617 ξ
368 544 511 615 continet,
542 543 651 622 partim
681 545 895 604 astronomicae
924 543 1053 603 noticiae
1082 542 1188 619 peritia
1219 542 1365 604 vendicat.

226 629 344 706 Quibus
375 630 454 689 enim
485 630 662 689 numerandi
686 630 839 690 scientiam
863 631 965 690 ceteris
988 629 1184 707 perspicatius
1207 630 1282 688 ratio
1305 640 1367 689 stu-

204 716 317 777 odendi
344 726 374 776 et
402 716 573 775 exercitatio
603 716 742 789 contulit,
776 737 836 776 non
865 716 1017 794 incognita
1046 725 1091 774 est
1112 716 1228 774 numeri
1251 715 1367 777 diverse
1435 736 1438 743 ’

227 802 346 882 quidem
373 802 535 862 secundum
557 803 689 862 diversos
719 802 839 863 diffiniti
868 813 898 863 et
926 801 1124 863 commendati
1147 801 1315 862 distributio
1338 814 1367 863 et

226 889 356 950 eiusdem
377 889 409 947 in
431 897 531 967 partes
554 889 712 968 multiplex
734 890 848 951 divisio.
882 890 953 949 Non
973 889 1075 966 ignota
1090 888 1191 966 peritis
1203 888 1366 966 figurarum

228 976 479 1037 arihtmeticarum
509 985 553 1035 est
580 976 753 1036 constitutio
780 996 981 1046 numerorum,
1004 984 1085 1034 ortus
1108 983 1218 1034 natura
1240 985 1270 1035 et
1290 996 1368 1036 reso-

228 1062 315 1135 lutio,
350 1061 479 1140 qualiter
507 1082 609 1122 omnes
639 1063 749 1141 species
779 1061 1001 1141 inaequalitatis
1029 1060 1068 1120 ab
1102 1060 1282 1139 aequalitate
1304 1061 1368 1140 lege

193 1149 332 1209 redivina
354 1148 517 1227 procedant
538 1169 700 1228 rursusque
722 1149 752 1207 in
765 1148 889 1209 eandem
902 1148 1109 1208 resolutionem
1134 1168 1222 1207 cursu
1238 1148 1368 1208 mirabili

230 1244 391 1296 transeant.
431 1235 496 1294 Nec
519 1245 547 1294 te
570 1235 664 1296 lateat
686 1244 744 1295 tres
768 1235 940 1295 medietates
963 1233 1001 1294 ab
1025 1234 1155 1312 antiquis
1180 1235 1317 1295 inventas
1340 1245 1370 1296 et

229 1322 425 1382 auctorizatas
454 1322 573 1381 senaria
602 1322 766 1382 excrevisse
789 1322 1009 1381 numerositate.
1055 1321 1194 1398 Denique
1215 1321 1266 1400 qui
1288 1323 1368 1381 omni

151 1470 163 1489 ⁴
229 1409 406 1487 capacitatis
435 1428 506 1467 suae
528 1408 676 1468 industria
699 1409 880 1468 armonioi
904 1406 1116 1467 modulaminis
1138 1406 1195 1466 sibi
1218 1428 1371 1487 compara-

230 1516 297 1556 vere
320 1494 482 1565 scientiam‚
507 1504 689 1572 pernoscunt
710 1495 768 1554 tria
790 1495 909 1573 quidem
932 1515 996 1554 esse
1019 1494 1149 1553 musicae
1171 1514 1288 1570 genera,
1311 1504 1369 1555 tres

193 1595 219 1636 15
230 1580 446 1642 cantilenarum
469 1580 580 1658 species
603 1580 785 1659 intelligunt,
807 1601 883 1659 quas
905 1580 1110 1659 proportiones
1133 1601 1247 1658 quasve
1267 1601 1371 1641 conso-

231 1669 350 1728 nantias
373 1667 530 1745 repudient
551 1667 599 1727 vel
622 1688 696 1746 quas
719 1668 866 1746 recipiant
888 1667 1062 1739 adtendunt,
1092 1687 1169 1745 quae
1192 1666 1231 1726 sit
1252 1667 1371 1728 maioris

231 1775 308 1834 quae
337 1754 457 1813 minoris
485 1754 630 1814 semitonii
653 1755 743 1826 ratio,
773 1775 851 1833 quae
871 1754 1039 1814 limmatum
1063 1754 1233 1813 scismatum
1257 1763 1286 1813 et
1307 1754 1371 1814 dia·

231 1841 402 1901 scismatum
426 1849 535 1900 natura
557 1851 587 1900 et
608 1841 788 1913 constitutio,
812 1849 909 1900 ortum
927 1840 1082 1900 cordarum
1100 1840 1224 1898 nomina
1239 1840 1372 1901 differen-

232 1929 305 1987 tiam
334 1937 363 1986 et
390 1926 597 1999 adiectionem,
632 1937 785 2006 praeterea
814 1926 958 2005 regularis
989 1925 1182 1986 monochordi
1203 1946 1373 1987 mensuram

195 2014 317 2073 aofirma
344 2014 473 2073 retinent
501 2013 707 2091 intelligentia.
752 2014 829 2090 Quis
854 2023 953 2074 autem
975 2012 1222 2091 geometricae
1244 2014 1373 2074 rationes

232 2100 271 2161 ad
303 2099 499 2160 subtilitatem
526 2101 729 2171 tenuissimas,
761 2100 799 2160 ad
829 2101 984 2160 scientiam
1007 2099 1198 2172 utilissimas,
1231 2099 1270 2159 ad
1292 2120 1374 2160 exer-

231 2187 400 2247 citationem
415 2186 641 2247 iocundissimas
658 2187 760 2247 ceteris
776 2186 943 2265 disciplinis
960 2187 1022 2246 iure
1037 2206 1096 2245 non
1116 2186 1263 2258 admittat,
1287 2188 1372 2246 ouius

231 2273 447 2352 quadripertita
473 2272 580 2333 divisio
611 2274 643 2331 in
664 2273 806 2352 planum,
833 2275 864 2332 in
888 2273 1125 2351 magnitudinem
1146 2273 1370 2346 numerabilem,

302 2430 324 2478 8.
345 2425 387 2494 18]
407 2427 483 2478 ortus
501 2426 556 2478 und
572 2428 662 2478 ortum
680 2425 778 2478 stehen
796 2427 845 2478 auf
860 2425 956 2478 Rasur.
980 2424 1087 2493 (ordor)
1147 2424 1190 2493 15]
1210 2424 1374 2492 intelligant.

321 2581 346 2649 ὃ]
366 2599 430 2634 man
451 2581 507 2647 vgl.
531 2581 580 2633 das
602 2580 685 2632 letzte
710 2579 777 2648 Kap.
801 2579 848 2631 des
872 2582 963 2632 ersten
985 2579 1039 2631 und
1063 2579 1112 2631 aas
1135 2581 1207 2632 crste
1233 2579 1301 2648 Kap.
1327 2580 1375 2634 des

234 2650 350 2704 zweiten
359 2650 467 2704 Buches
485 2668 539 2703 von
558 2648 728 2702 Boethius'
748 2647 922 2713 Arithmetilr,
942 2666 964 2701 z.
978 2649 1008 2701 B.
1029 2647 1055 2701 S.
1066 2649 1106 2712 66,
1122 2648 1153 2700 19
1172 2648 1212 2701 ed.
1226 2648 1375 2702 Friedlein:

234 2721 259 2773 si
278 2721 462 2788 intellepamus
480 2734 567 2770 orienes
586 2719 794 2784 inaequalitatis
812 2719 911 2784 species
928 2718 962 2769 ab
982 2717 1157 2784 ueqtnrlitatis
1181 2719 1295 2770 crevisse
1338 2720 1376 2771 ri·

235 2789 364 2851 ruorrliis;
396 2788 480 2852 77,3
511 2786 732 2855 quemadmodum
765 2792 820 2840 tota
852 2788 1060 2854 inaequalitatis
1085 2787 1239 2840 substantia
1261 2735 1376 2856 albia

235 2859 400 2927 aequalitate
421 2858 595 2927 processerim
622 2857 668 2920 77,
693 2856 709 2910 8
734 2862 759 2909 et
783 2857 813 2908 iu
831 2856 921 2908 caulem
941 2872 1037 2908 mersus
1054 2856 1216 2908 resolutione
1230 2855 1309 2920 facta
1325 2857 1377 2909 sol-

235 2933 347 2988 ountm·;
367 2929 407 2991 77,
428 2927 459 2979 16
479 2926 565 2978 ornnis
586 2949 608 2966 a
626 2926 810 2992 inaequalitas
828 2926 865 2977 aa
884 2927 1075 2991 aequalitatem
1093 2943 1120 2974 μ
1137 2927 1295 2978 resoluatur.
1327 2926 1376 2978 Be·

234 2998 311 3051 treffs
331 2995 507 3063 ‘legadivina'
519 2994 622 3064 (aas.)
639 2996 694 3062 vgl.
714 2994 808 3048 Boeth.
828 3011 851 3046 a.
872 3011 895 3047 a.
915 2994 945 3047 Ο.
966 2996 1005 3057 13,
1025 2995 1054 3056 6;
1074 2994 1115 3057 20,
1134 2994 1162 3057 2;
1181 2995 1222 3059 55,
1242 2994 1319 3048 2811.
1339 3002 1375 3058 o.;

234 3066 306 3120 auch
325 3066 437 3119 ‘cursus’
457 3065 511 3117 und
531 3064 677 3117 ‘mirabilis’
696 3065 733 3133 (Ζ.
755 3065 797 3131 10)
816 3063 906 3116 finden
926 3063 985 3117 sich
1004 3063 1048 3116 bei
1065 3062 1161 3116 Boeth.
1181 3063 1329 3117 mehrfach.

308 3135 348 3204 11]
368 3134 480 3188 Boeth.
500 3151 523 3186 a.
543 3151 566 3186 a.
586 3134 616 3187 Ο.
638 3135 694 3199 164,
716 3135 759 3187 16:
782 3134 832 3185 leue
850 3132 957 3199 quidem
975 3139 1037 3184 sunt
1056 3131 1132 3199 apud
1150 3133 1318 3199 antiquiores
1335 3134 1377 3184 in-

239 3211 330 3257 uentae
347 3204 530 3271 probataeque
548 3203 715 3266 irradiantem
734 3221 773 3253 ee
794 3202 850 3265 164,
870 3202 902 3254 23
928 3218 996 3268 quae
1014 3217 1046 3253 ne
1064 3203 1168 3254 lateant
1185 3222 1228 3252 »a
1246 3201 1378 3270 depromi·

239 3290 306 3338 rivum
326 3272 494 3325 zuKonrads
514 3277 570 3325 ‘nec
588 3275 615 3325 te
634 3271 726 3325 lateat’
746 3290 767 3325 s,
788 3271 856 3324 oben
874 3272 915 3334 27,
936 3272 979 3334 17;
999 3272 1039 3335 56,
1056 3270 1098 3333 12;
1118 3269 1188 3322 auch
1199 3273 1375 3325 ‘excrescere'

236 3344 291 3396 und
311 3342 507 3395 ‘numerositas'
527 3341 641 3394 braucht
659 3342 754 3394 Boeth.
773 3341 821 3393 oft.

308 3411 350 3479 13]
369 3411 424 3477 vgl.
443 3410 703 3464 Pseudo-Boeth.
723 3409 909 3478 Geometriep.
920 3409 978 3472 395,
989 3409 1036 3462 28:
1056 3409 1118 3477 quia
1130 3408 1198 3459 enim
1212 3410 1378 3462 musicarum

237 3480 421 3535 modulamina
444 3480 666 3549 arnurphouiarum
688 3495 856 3531 incineratum
880 3493 976 3546 expers
998 3478 1126 3531 censendo
1143 3485 1303 3544 pernoscat?
1321 3479 1377 3545 rgl.

237 3551 306 3604 oben
328 3551 429 3672 ausi}
453 3549 493 3602 30.
536 3538 609 3603 Uber
636 3549 760 3602 Konrads
784 3549 893 3614 eigenes
915 3547 1001 3600 Werk
1026 3548 1057 3600 de
1082 3548 1187 3599 musica
1212 3565 1234 3600 s.
1258 3565 1293 3600 m.
1316 3547 1378 3601 Ein-

237 3620 321 3672 leitun
381 3660 386 3671 .
424 3660 429 3670 .

310 3637 351 3756 li]
371 3705 404 3739 zu
423 3687 484 3740 ‘tria
502 3687 609 3753 genera’
630 3703 651 3739 a.
669 3686 765 3740 Boeth.
785 3685 877 3738 Musik
894 3704 919 3754 p.
941 3685 997 3747 187,
1018 3685 1058 3748 19,
1070 3715 1099 3722 -
1112 3685 1378 3751 zu‘cantilena’ttlil,

238 3759 283 3821 25;
303 3759 361 3821 212,
374 3758 421 3819 25,
441 3787 472 3796 -
484 3774 518 3809 zu
529 3756 731 3809 ‘consonantiae
741 3755 936 3824 proportiones'
947 3755 1005 3817 201,
1016 3754 1044 3816 3,
1064 3752 1134 3805 auch
1153 3771 1186 3806 zu
1205 3755 1256 3807 den
1266 3756 1380 3822 tibrigen

238 3827 347 3880 termini
366 3825 545 3878 ‘semitonium
565 3856 597 3864 -
616 3824 837 3878 monochordum'
856 3824 911 3890 vgl.
930 3823 1079 3875 Friedleins
1097 3821 1232 3888 Register.

308 3895 351 3963 21]
370 3894 499 3959 Boeth.,
524 3894 640 3946 Arithm.
666 3913 691 3963 p.
711 3894 755 3959 53,
776 3895 803 3946 7:
828 3892 960 3960 quaedam
985 3891 1042 3943 alia
1064 3893 1145 3943 sinuit
1162 3893 1337 3960 inspiciemus
1355 3897 1381 3944 et

237 3965 276 4017 acl
293 3965 469 4017 subtilitatem
488 3965 646 4017 tenuissima
665 3970 689 4016 et
707 3963 744 4016 ael
762 3963 901 4016 scientiam
915 3961 1062 4013 utilissima
1075 3967 1099 4014 et
1111 3960 1148 4012 ael
1161 3962 1380 4016 exercitationem

241 4034 448 4088 iucundissima.

309 4103 352 4172 23]
372 4102 462 4166 Isid,
482 4121 519 4155 or.
538 4103 590 4165 lll,
611 4103 656 4165 11,
678 4102 703 4153 1:
734 4101 908 4168 peometricoe
926 4099 1131 4167 quadripertita
1150 4099 1251 4153 divisio
1270 4105 1322 4162 est,
1350 4100 1380 4151 iu

235 4174 358 4242 planum,
377 4173 407 4224 in.
426 4188 513 4241 rnapn.
524 4171 722 4235 ›turnarabitem,
743 4172 772 4221 iu
782 4186 871 4237 mann.
883 4170 1073 4222 rationabilem
1082 4175 1107 4222 et
1117 4171 1145 4222 in
1154 4170 1260 4238 finieras
1269 4167 1380 4222 solidae.
