<?xml version="1.0" encoding="UTF-8"?>
<!DOCTYPE html PUBLIC "-//W3C//DTD XHTML 1.0 Transitional//EN"
    "http://www.w3.org/TR/xhtml1/DTD/xhtml1-transitional.dtd">
<html xmlns="http://www.w3.org/1999/xhtml" xml:lang="en" lang="en">
 <head>
  <title>
</title>
<meta http-equiv="Content-Type" content="text/html;charset=utf-8" />
  <meta name='ocr-system' content='tesseract 3.04.00' />
  <meta name='ocr-capabilities' content='ocr_page ocr_carea ocr_par ocr_line ocrx_word'/>
</head>
<body>
  <div class='ocr_page' id='page_1' title='image "./conradihirsaugi01hirsgoog_0057.png"; bbox 0 0 3074 4854; ppageno 0'>
   <div class='ocr_carea' id='block_1_1' title="bbox 680 172 892 229">
    <p class='ocr_par' dir='ltr' id='par_1_1' title="bbox 680 172 892 229">
     <span class='ocr_line' id='line_1_1' title="bbox 680 172 892 229; baseline 0 -16"><span class='ocrx_word' id='word_1_1' title='bbox 680 172 892 229; x_wconf 75' lang='lat'>-54..</span> 
     </span>
    </p>
   </div>
   <div class='ocr_carea' id='block_1_2' title="bbox 87 338 1375 3112">
    <p class='ocr_par' dir='ltr' id='par_1_2' title="bbox 87 338 1375 3112">
     <span class='ocr_line' id='line_1_2' title="bbox 203 338 1352 420; baseline -0.003 -20"><span class='ocrx_word' id='word_1_2' title='bbox 203 340 351 401; x_wconf 89' lang='lat' dir='ltr'>terminus</span> <span class='ocrx_word' id='word_1_3' title='bbox 384 341 426 401; x_wconf 91' lang='lat' dir='ltr'>sit</span> <span class='ocrx_word' id='word_1_4' title='bbox 454 342 662 420; x_wconf 88' lang='lat' dir='ltr'>voluptatum,</span> <span class='ocrx_word' id='word_1_5' title='bbox 696 341 775 419; x_wconf 92' lang='lat' dir='ltr'>quod</span> <span class='ocrx_word' id='word_1_6' title='bbox 805 341 898 402; x_wconf 90' lang='lat' dir='ltr'>morti</span> <span class='ocrx_word' id='word_1_7' title='bbox 928 343 1076 419; x_wconf 89' lang='lat' dir='ltr'>proxima.</span> <span class='ocrx_word' id='word_1_8' title='bbox 1127 340 1224 399; x_wconf 82' lang='lat' dir='ltr'><strong>Docet</strong></span> <span class='ocrx_word' id='word_1_9' title='bbox 1253 338 1352 417; x_wconf 90' lang='lat' dir='ltr'>igitur</span> 
     </span>
     <span class='ocr_line' id='line_1_3' title="bbox 203 426 1352 508; baseline -0.001 -21"><span class='ocrx_word' id='word_1_10' title='bbox 203 434 373 506; x_wconf 88' lang='lat' dir='ltr'>temporum</span> <span class='ocrx_word' id='word_1_11' title='bbox 397 435 428 488; x_wconf 86' lang='lat' dir='ltr'>ct</span> <span class='ocrx_word' id='word_1_12' title='bbox 452 449 647 508; x_wconf 86' lang='lat' dir='ltr'>personarum</span> <span class='ocrx_word' id='word_1_13' title='bbox 671 429 892 506; x_wconf 79' lang='lat' dir='ltr'>experientiam</span> <span class='ocrx_word' id='word_1_14' title='bbox 923 435 954 489; x_wconf 92' lang='lat' dir='ltr'>et</span> <span class='ocrx_word' id='word_1_15' title='bbox 988 427 1067 505; x_wconf 92' lang='lat' dir='ltr'>quod</span> <span class='ocrx_word' id='word_1_16' title='bbox 1095 427 1195 487; x_wconf 88' lang='lat' dir='ltr'>exitus</span> <span class='ocrx_word' id='word_1_17' title='bbox 1227 446 1263 485; x_wconf 87' lang='lat' dir='ltr'>cx</span> <span class='ocrx_word' id='word_1_18' title='bbox 1296 426 1352 486; x_wconf 86' lang='lat' dir='ltr'>hac</span> 
     </span>
     <span class='ocr_line' id='line_1_4' title="bbox 203 511 1350 593; baseline -0.004 -18"><span class='ocrx_word' id='word_1_19' title='bbox 203 515 270 575; x_wconf 90' lang='lat' dir='ltr'>vita</span> <span class='ocrx_word' id='word_1_20' title='bbox 294 515 423 576; x_wconf 87' lang='lat' dir='ltr'>mutatio</span> <span class='ocrx_word' id='word_1_21' title='bbox 453 515 600 593; x_wconf 89' lang='lat' dir='ltr'>quaedam</span> <span class='ocrx_word' id='word_1_22' title='bbox 629 515 672 576; x_wconf 89' lang='lat' dir='ltr'>sit</span> <span class='ocrx_word' id='word_1_23' title='bbox 702 514 740 575; x_wconf 88' lang='lat' dir='ltr'>ad</span> <span class='ocrx_word' id='word_1_24' title='bbox 762 514 904 588; x_wconf 75' lang='lat' dir='ltr'>meliora,</span> <span class='ocrx_word' id='word_1_25' title='bbox 936 535 1040 575; x_wconf 88' lang='lat' dir='ltr'>verum</span> <span class='ocrx_word' id='word_1_26' title='bbox 1069 513 1157 574; x_wconf 86' lang='lat' dir='ltr'>uobis</span> <span class='ocrx_word' id='word_1_27' title='bbox 1189 511 1350 572; x_wconf 87' lang='lat' dir='ltr'>videndum</span> 
     </span>
     <span class='ocr_line' id='line_1_5' title="bbox 202 598 1351 680; baseline -0.003 -19"><span class='ocrx_word' id='word_1_28' title='bbox 202 605 264 675; x_wconf 88' lang='lat' dir='ltr'>est,</span> <span class='ocrx_word' id='word_1_29' title='bbox 289 601 362 679; x_wconf 93' lang='lat' dir='ltr'>quid</span> <span class='ocrx_word' id='word_1_30' title='bbox 385 602 428 662; x_wconf 89' lang='lat' dir='ltr'>sit</span> <span class='ocrx_word' id='word_1_31' title='bbox 450 609 599 663; x_wconf 87' lang='lat' dir='ltr'>senectus.</span> <span class='ocrx_word' id='word_1_32' title='bbox 638 603 723 676; x_wconf 78' lang='lat' dir='ltr'>Quae</span> <span class='ocrx_word' id='word_1_33' title='bbox 746 602 912 680; x_wconf 75' lang='lat' dir='ltr'>descriptio</span> <span class='ocrx_word' id='word_1_34' title='bbox 934 601 1050 680; x_wconf 78' lang='lat' dir='ltr'>triplex</span> <span class='ocrx_word' id='word_1_35' title='bbox 1073 607 1139 672; x_wconf 66' lang='lat' dir='ltr'>esta</span> <span class='ocrx_word' id='word_1_36' title='bbox 1160 620 1250 658; x_wconf 89' lang='lat' dir='ltr'>unam</span> <span class='ocrx_word' id='word_1_37' title='bbox 1274 598 1351 660; x_wconf 92' lang='lat' dir='ltr'>dicit</span> 
     </span>
     <span class='ocr_line' id='line_1_6' title="bbox 179 685 1351 767; baseline 0.003 -24"><span class='ocrx_word' id='word_1_38' title='bbox 179 689 381 752; x_wconf 81' lang='lat' dir='ltr'>cTerentius:</span> <span class='ocrx_word' id='word_1_39' title='bbox 406 689 483 767; x_wconf 88' lang='lat' dir='ltr'>‘ipsa</span> <span class='ocrx_word' id='word_1_40' title='bbox 505 698 652 763; x_wconf 89' lang='lat' dir='ltr'>senectus,</span> <span class='ocrx_word' id='word_1_41' title='bbox 676 689 785 767; x_wconf 91' lang='lat' dir='ltr'>inquit,</span> <span class='ocrx_word' id='word_1_42' title='bbox 804 690 926 749; x_wconf 84' lang='lat' dir='ltr'>morbus</span> <span class='ocrx_word' id='word_1_43' title='bbox 950 695 1020 761; x_wconf 88' lang='lat' dir='ltr'>est’;</span> <span class='ocrx_word' id='word_1_44' title='bbox 1045 686 1120 747; x_wconf 88' lang='lat' dir='ltr'>duas</span> <span class='ocrx_word' id='word_1_45' title='bbox 1137 688 1229 746; x_wconf 85' lang='lat' dir='ltr'>habet</span> <span class='ocrx_word' id='word_1_46' title='bbox 1244 685 1276 744; x_wconf 93' lang='lat' dir='ltr'>in</span> <span class='ocrx_word' id='word_1_47' title='bbox 1294 686 1351 747; x_wconf 90' lang='lat' dir='ltr'>hoc</span> 
     </span>
     <span class='ocr_line' id='line_1_7' title="bbox 203 774 1350 854; baseline -0.003 -20"><span class='ocrx_word' id='word_1_48' title='bbox 203 775 290 847; x_wconf 91' lang='lat' dir='ltr'>libro,</span> <span class='ocrx_word' id='word_1_49' title='bbox 314 796 440 854; x_wconf 89' lang='lat' dir='ltr'>quarum</span> <span class='ocrx_word' id='word_1_50' title='bbox 459 797 520 836; x_wconf 88' lang='lat' dir='ltr'>una</span> <span class='ocrx_word' id='word_1_51' title='bbox 544 797 581 836; x_wconf 86' lang='lat' dir='ltr'>cx</span> <span class='ocrx_word' id='word_1_52' title='bbox 599 776 720 838; x_wconf 87' lang='lat' dir='ltr'>diverso</span> <span class='ocrx_word' id='word_1_53' title='bbox 735 775 901 852; x_wconf 79' lang='lat' dir='ltr'>colligitur,</span> <span class='ocrx_word' id='word_1_54' title='bbox 925 796 1000 853; x_wconf 88' lang='lat' dir='ltr'>qnae</span> <span class='ocrx_word' id='word_1_55' title='bbox 1020 774 1093 834; x_wconf 88' lang='lat' dir='ltr'>talis</span> <span class='ocrx_word' id='word_1_56' title='bbox 1117 780 1178 834; x_wconf 92' lang='lat' dir='ltr'>est:</span> <span class='ocrx_word' id='word_1_57' title='bbox 1202 780 1350 833; x_wconf 88' lang='lat' dir='ltr'>‘senectus</span> 
     </span>
     <span class='ocr_line' id='line_1_8' title="bbox 127 859 1351 941; baseline -0.003 -19"><span class='ocrx_word' id='word_1_58' title='bbox 127 885 128 889; x_wconf 46' lang='lat'>¹</span> <span class='ocrx_word' id='word_1_59' title='bbox 202 870 249 922; x_wconf 87' lang='lat' dir='ltr'>est</span> <span class='ocrx_word' id='word_1_60' title='bbox 271 862 439 924; x_wconf 83' lang='lat' dir='ltr'>moderatio</span> <span class='ocrx_word' id='word_1_61' title='bbox 468 866 579 924; x_wconf 85' lang='lat' dir='ltr'>mentis</span> <span class='ocrx_word' id='word_1_62' title='bbox 611 868 742 941; x_wconf 88' lang='lat' dir='ltr'>quatuor</span> <span class='ocrx_word' id='word_1_63' title='bbox 773 862 941 923; x_wconf 86' lang='lat' dir='ltr'>virtutibus</span> <span class='ocrx_word' id='word_1_64' title='bbox 969 865 1146 941; x_wconf 79' lang='lat' dir='ltr'>provectae,</span> <span class='ocrx_word' id='word_1_65' title='bbox 1175 859 1277 920; x_wconf 89' lang='lat' dir='ltr'>studio</span> <span class='ocrx_word' id='word_1_66' title='bbox 1306 859 1351 920; x_wconf 88' lang='lat' dir='ltr'>vi·</span> 
     </span>
     <span class='ocr_line' id='line_1_9' title="bbox 201 945 1351 1028; baseline -0.003 -20"><span class='ocrx_word' id='word_1_67' title='bbox 201 949 292 1009; x_wconf 87' lang='lat' dir='ltr'>vendi</span> <span class='ocrx_word' id='word_1_68' title='bbox 327 949 520 1028; x_wconf 87' lang='lat' dir='ltr'>insignitae’,</span> <span class='ocrx_word' id='word_1_69' title='bbox 554 950 653 1010; x_wconf 88' lang='lat' dir='ltr'>altera</span> <span class='ocrx_word' id='word_1_70' title='bbox 683 950 742 1011; x_wconf 88' lang='lat' dir='ltr'>sic:</span> <span class='ocrx_word' id='word_1_71' title='bbox 776 952 926 1010; x_wconf 88' lang='lat' dir='ltr'>‘senectus</span> <span class='ocrx_word' id='word_1_72' title='bbox 962 953 1011 1010; x_wconf 88' lang='lat' dir='ltr'>est</span> <span class='ocrx_word' id='word_1_73' title='bbox 1037 947 1186 1026; x_wconf 84' lang='lat' dir='ltr'>perfectio</span> <span class='ocrx_word' id='word_1_74' title='bbox 1219 945 1351 1006; x_wconf 86' lang='lat' dir='ltr'>aetatis‘.</span> 
     </span>
     <span class='ocr_line' id='line_1_10' title="bbox 202 1032 1351 1116; baseline -0.002 -21"><span class='ocrx_word' id='word_1_75' title='bbox 202 1035 287 1109; x_wconf 72' lang='lat' dir='ltr'>Quae</span> <span class='ocrx_word' id='word_1_76' title='bbox 310 1035 475 1115; x_wconf 85' lang='lat' dir='ltr'>descriptio</span> <span class='ocrx_word' id='word_1_77' title='bbox 507 1038 643 1116; x_wconf 87' lang='lat' dir='ltr'>pertinet</span> <span class='ocrx_word' id='word_1_78' title='bbox 674 1036 712 1096; x_wconf 91' lang='lat' dir='ltr'>ad</span> <span class='ocrx_word' id='word_1_79' title='bbox 734 1037 881 1098; x_wconf 87' lang='lat' dir='ltr'>terminos</span> <span class='ocrx_word' id='word_1_80' title='bbox 913 1041 1063 1111; x_wconf 88' lang='lat' dir='ltr'>aetatum,</span> <span class='ocrx_word' id='word_1_81' title='bbox 1095 1033 1174 1094; x_wconf 88' lang='lat' dir='ltr'>aliae</span> <span class='ocrx_word' id='word_1_82' title='bbox 1205 1033 1282 1093; x_wconf 91' lang='lat' dir='ltr'>duae</span> <span class='ocrx_word' id='word_1_83' title='bbox 1313 1032 1351 1093; x_wconf 91' lang='lat' dir='ltr'>ad</span> 
     </span>
     <span class='ocr_line' id='line_1_11' title="bbox 165 1119 1350 1201; baseline -0.002 -20"><span class='ocrx_word' id='word_1_84' title='bbox 165 1134 192 1176; x_wconf 90' lang='lat'>10</span> <span class='ocrx_word' id='word_1_85' title='bbox 201 1122 367 1201; x_wconf 89' lang='lat' dir='ltr'>qualitates</span> <span class='ocrx_word' id='word_1_86' title='bbox 392 1124 568 1184; x_wconf 87' lang='lat' dir='ltr'>animorum.</span> <span class='ocrx_word' id='word_1_87' title='bbox 612 1124 786 1184; x_wconf 83' lang='lat' dir='ltr'>Materia</span> <span class='ocrx_word' id='word_1_88' title='bbox 809 1144 864 1184; x_wconf 91' lang='lat' dir='ltr'>sua</span> <span class='ocrx_word' id='word_1_89' title='bbox 886 1130 959 1183; x_wconf 89' lang='lat' dir='ltr'>sunt</span> <span class='ocrx_word' id='word_1_90' title='bbox 982 1142 1067 1183; x_wconf 86' lang='lat' dir='ltr'>senes</span> <span class='ocrx_word' id='word_1_91' title='bbox 1093 1120 1204 1182; x_wconf 84' lang='lat' dir='ltr'>Catoni</span> <span class='ocrx_word' id='word_1_92' title='bbox 1226 1119 1350 1193; x_wconf 90' lang='lat' dir='ltr'>similes,</span> 
     </span>
     <span class='ocr_line' id='line_1_12' title="bbox 201 1207 1349 1289; baseline -0.003 -19"><span class='ocrx_word' id='word_1_93' title='bbox 201 1210 381 1271; x_wconf 91' lang='lat' dir='ltr'>intentio</span> <span class='ocrx_word' id='word_1_94' title='bbox 405 1211 469 1270; x_wconf 88' lang='lat' dir='ltr'>eius</span> <span class='ocrx_word' id='word_1_95' title='bbox 492 1210 660 1271; x_wconf 87' lang='lat' dir='ltr'>informare</span> <span class='ocrx_word' id='word_1_96' title='bbox 690 1230 930 1289; x_wconf 87' lang='lat' dir='ltr'>unumquemque</span> <span class='ocrx_word' id='word_1_97' title='bbox 953 1208 1125 1289; x_wconf 84' lang='lat' dir='ltr'>praeceptis</span> <span class='ocrx_word' id='word_1_98' title='bbox 1150 1214 1179 1268; x_wconf 88' lang='lat' dir='ltr'>et</span> <span class='ocrx_word' id='word_1_99' title='bbox 1202 1207 1349 1285; x_wconf 83' lang='lat' dir='ltr'>exemplis</span> 
     </span>
     <span class='ocr_line' id='line_1_13' title="bbox 201 1294 1349 1374; baseline -0.002 -20"><span class='ocrx_word' id='word_1_100' title='bbox 201 1295 240 1355; x_wconf 92' lang='lat' dir='ltr'>ad</span> <span class='ocrx_word' id='word_1_101' title='bbox 264 1298 422 1357; x_wconf 88' lang='lat' dir='ltr'>honestam</span> <span class='ocrx_word' id='word_1_102' title='bbox 453 1302 649 1360; x_wconf 89' lang='lat' dir='ltr'>senectutem.</span> <span class='ocrx_word' id='word_1_103' title='bbox 694 1299 790 1358; x_wconf 90' lang='lat' dir='ltr'>Porro</span> <span class='ocrx_word' id='word_1_104' title='bbox 814 1296 919 1358; x_wconf 88' lang='lat' dir='ltr'>modus</span> <span class='ocrx_word' id='word_1_105' title='bbox 950 1303 997 1356; x_wconf 89' lang='lat' dir='ltr'>est</span> <span class='ocrx_word' id='word_1_106' title='bbox 1019 1295 1151 1374; x_wconf 79' lang='lat' dir='ltr'>triplex3</span> <span class='ocrx_word' id='word_1_107' title='bbox 1184 1300 1239 1353; x_wconf 89' lang='lat' dir='ltr'>aut</span> <span class='ocrx_word' id='word_1_108' title='bbox 1270 1294 1349 1353; x_wconf 91' lang='lat' dir='ltr'>enim</span> 
     </span>
     <span class='ocr_line' id='line_1_14' title="bbox 202 1381 1350 1463; baseline 0 -23"><span class='ocrx_word' id='word_1_109' title='bbox 202 1383 330 1444; x_wconf 88' lang='lat' dir='ltr'>honesta</span> <span class='ocrx_word' id='word_1_110' title='bbox 353 1390 400 1444; x_wconf 85' lang='lat' dir='ltr'>est</span> <span class='ocrx_word' id='word_1_111' title='bbox 423 1391 561 1444; x_wconf 88' lang='lat' dir='ltr'>senectus</span> <span class='ocrx_word' id='word_1_112' title='bbox 585 1404 663 1463; x_wconf 87' lang='lat' dir='ltr'>quae</span> <span class='ocrx_word' id='word_1_113' title='bbox 686 1383 822 1444; x_wconf 89' lang='lat' dir='ltr'>intendit</span> <span class='ocrx_word' id='word_1_114' title='bbox 845 1383 956 1443; x_wconf 90' lang='lat' dir='ltr'>studiis</span> <span class='ocrx_word' id='word_1_115' title='bbox 978 1381 1167 1452; x_wconf 86' lang='lat' dir='ltr'>liberalibus,</span> <span class='ocrx_word' id='word_1_116' title='bbox 1197 1385 1251 1440; x_wconf 91' lang='lat' dir='ltr'>aut</span> <span class='ocrx_word' id='word_1_117' title='bbox 1274 1401 1350 1458; x_wconf 89' lang='lat' dir='ltr'>quae</span> 
     </span>
     <span class='ocr_line' id='line_1_15' title="bbox 202 1468 1346 1549; baseline -0.002 -21"><span class='ocrx_word' id='word_1_118' title='bbox 202 1470 345 1530; x_wconf 89' lang='lat' dir='ltr'>memoria</span> <span class='ocrx_word' id='word_1_119' title='bbox 366 1491 467 1531; x_wconf 89' lang='lat' dir='ltr'>rerum</span> <span class='ocrx_word' id='word_1_120' title='bbox 489 1478 646 1549; x_wconf 87' lang='lat' dir='ltr'>gestarum</span> <span class='ocrx_word' id='word_1_121' title='bbox 669 1470 848 1542; x_wconf 89' lang='lat' dir='ltr'>delectatur,</span> <span class='ocrx_word' id='word_1_122' title='bbox 878 1475 932 1530; x_wconf 90' lang='lat' dir='ltr'>aut</span> <span class='ocrx_word' id='word_1_123' title='bbox 962 1488 1039 1547; x_wconf 90' lang='lat' dir='ltr'>quae</span> <span class='ocrx_word' id='word_1_124' title='bbox 1070 1468 1209 1529; x_wconf 86' lang='lat' dir='ltr'>officiosa</span> <span class='ocrx_word' id='word_1_125' title='bbox 1235 1472 1346 1541; x_wconf 84' lang='lat' dir='ltr'>&lt;cst&gt;</span> 
     </span>
     <span class='ocr_line' id='line_1_16' title="bbox 165 1554 1375 1637; baseline -0.003 -22"><span class='ocrx_word' id='word_1_126' title='bbox 165 1556 233 1615; x_wconf 85' lang='lat' dir='ltr'>15iu</span> <span class='ocrx_word' id='word_1_127' title='bbox 264 1556 388 1618; x_wconf 82' lang='lat' dir='ltr'>colendo</span> <span class='ocrx_word' id='word_1_128' title='bbox 419 1577 508 1635; x_wconf 88' lang='lat' dir='ltr'>agro,</span> <span class='ocrx_word' id='word_1_129' title='bbox 543 1558 575 1618; x_wconf 91' lang='lat' dir='ltr'>in</span> <span class='ocrx_word' id='word_1_130' title='bbox 609 1579 699 1637; x_wconf 89' lang='lat' dir='ltr'>apum</span> <span class='ocrx_word' id='word_1_131' title='bbox 730 1558 887 1634; x_wconf 88' lang='lat' dir='ltr'>custodia,</span> <span class='ocrx_word' id='word_1_132' title='bbox 918 1557 951 1616; x_wconf 93' lang='lat' dir='ltr'>in</span> <span class='ocrx_word' id='word_1_133' title='bbox 976 1558 1119 1616; x_wconf 89' lang='lat' dir='ltr'>arborum</span> <span class='ocrx_word' id='word_1_134' title='bbox 1152 1554 1293 1627; x_wconf 83' lang='lat' dir='ltr'>sartione,</span> <span class='ocrx_word' id='word_1_135' title='bbox 1317 1555 1375 1613; x_wconf 90' lang='lat' dir='ltr'>in-</span> 
     </span>
     <span class='ocr_line' id='line_1_17' title="bbox 201 1639 1350 1722; baseline -0.004 -18"><span class='ocrx_word' id='word_1_136' title='bbox 201 1642 322 1704; x_wconf 89' lang='lat' dir='ltr'>cultura</span> <span class='ocrx_word' id='word_1_137' title='bbox 345 1645 512 1707; x_wconf 86' lang='lat' dir='ltr'>vinearum.</span> <span class='ocrx_word' id='word_1_138' title='bbox 556 1644 736 1706; x_wconf 89' lang='lat' dir='ltr'>Utilitas</span> <span class='ocrx_word' id='word_1_139' title='bbox 761 1650 808 1705; x_wconf 89' lang='lat' dir='ltr'>est</span> <span class='ocrx_word' id='word_1_140' title='bbox 831 1645 952 1722; x_wconf 84' lang='lat' dir='ltr'>duplex,</span> <span class='ocrx_word' id='word_1_141' title='bbox 976 1642 1095 1704; x_wconf 88' lang='lat' dir='ltr'>scilieet</span> <span class='ocrx_word' id='word_1_142' title='bbox 1116 1641 1253 1720; x_wconf 86' lang='lat' dir='ltr'>cognitio</span> <span class='ocrx_word' id='word_1_143' title='bbox 1277 1639 1350 1718; x_wconf 91' lang='lat' dir='ltr'>quid</span> 
     </span>
     <span class='ocr_line' id='line_1_18' title="bbox 201 1728 1349 1806; baseline -0.003 -16"><span class='ocrx_word' id='word_1_144' title='bbox 201 1730 361 1790; x_wconf 88' lang='lat' dir='ltr'>vitandum</span> <span class='ocrx_word' id='word_1_145' title='bbox 392 1731 593 1792; x_wconf 90' lang='lat' dir='ltr'>tenendumve</span> <span class='ocrx_word' id='word_1_146' title='bbox 622 1732 665 1792; x_wconf 90' lang='lat' dir='ltr'>sit</span> <span class='ocrx_word' id='word_1_147' title='bbox 697 1737 727 1792; x_wconf 91' lang='lat' dir='ltr'>et</span> <span class='ocrx_word' id='word_1_148' title='bbox 758 1731 911 1792; x_wconf 83' lang='lat' dir='ltr'>exsecutio</span> <span class='ocrx_word' id='word_1_149' title='bbox 942 1730 1006 1790; x_wconf 91' lang='lat' dir='ltr'>eius</span> <span class='ocrx_word' id='word_1_150' title='bbox 1042 1728 1087 1789; x_wconf 91' lang='lat' dir='ltr'>rei</span> <span class='ocrx_word' id='word_1_151' title='bbox 1118 1748 1208 1806; x_wconf 89' lang='lat' dir='ltr'>quam</span> <span class='ocrx_word' id='word_1_152' title='bbox 1237 1733 1349 1788; x_wconf 89' lang='lat' dir='ltr'>teneas.</span> 
     </span>
     <span class='ocr_line' id='line_1_19' title="bbox 200 1815 1350 1896; baseline -0.003 -18"><span class='ocrx_word' id='word_1_153' title='bbox 200 1815 376 1878; x_wconf 87' lang='lat' dir='ltr'>Notandum</span> <span class='ocrx_word' id='word_1_154' title='bbox 406 1823 508 1878; x_wconf 89' lang='lat' dir='ltr'>autem</span> <span class='ocrx_word' id='word_1_155' title='bbox 540 1817 619 1896; x_wconf 89' lang='lat' dir='ltr'>quod</span> <span class='ocrx_word' id='word_1_156' title='bbox 643 1819 764 1879; x_wconf 88' lang='lat' dir='ltr'>Tullius</span> <span class='ocrx_word' id='word_1_157' title='bbox 794 1820 826 1879; x_wconf 94' lang='lat' dir='ltr'>in</span> <span class='ocrx_word' id='word_1_158' title='bbox 857 1817 996 1878; x_wconf 88' lang='lat' dir='ltr'>omnibus</span> <span class='ocrx_word' id='word_1_159' title='bbox 1020 1815 1109 1877; x_wconf 88' lang='lat' dir='ltr'>libris</span> <span class='ocrx_word' id='word_1_160' title='bbox 1132 1815 1196 1875; x_wconf 88' lang='lat' dir='ltr'>suis</span> <span class='ocrx_word' id='word_1_161' title='bbox 1219 1815 1350 1874; x_wconf 87' lang='lat' dir='ltr'>instruc-</span> 
     </span>
     <span class='ocr_line' id='line_1_20' title="bbox 200 1901 1350 1981; baseline -0.003 -19"><span class='ocrx_word' id='word_1_162' title='bbox 200 1904 297 1964; x_wconf 86' lang='lat' dir='ltr'>torius</span> <span class='ocrx_word' id='word_1_163' title='bbox 322 1910 369 1963; x_wconf 90' lang='lat' dir='ltr'>est</span> <span class='ocrx_word' id='word_1_164' title='bbox 391 1905 553 1981; x_wconf 86' lang='lat' dir='ltr'>virtutum,</span> <span class='ocrx_word' id='word_1_165' title='bbox 578 1906 779 1966; x_wconf 91' lang='lat' dir='ltr'>correctorius</span> <span class='ocrx_word' id='word_1_166' title='bbox 811 1905 971 1966; x_wconf 89' lang='lat' dir='ltr'>viciorum.</span> <span class='ocrx_word' id='word_1_167' title='bbox 1016 1904 1162 1963; x_wconf 87' lang='lat' dir='ltr'>Imitatur</span> <span class='ocrx_word' id='word_1_168' title='bbox 1193 1909 1293 1962; x_wconf 88' lang='lat' dir='ltr'>autem</span> <span class='ocrx_word' id='word_1_169' title='bbox 1318 1901 1350 1960; x_wconf 93' lang='lat' dir='ltr'>in</span> 
     </span>
     <span class='ocr_line' id='line_1_21' title="bbox 165 1988 1350 2069; baseline -0.003 -19"><span class='ocrx_word' id='word_1_170' title='bbox 165 1992 256 2051; x_wconf 76' lang='lat' dir='ltr'>ahoe</span> <span class='ocrx_word' id='word_1_171' title='bbox 279 1990 359 2052; x_wconf 91' lang='lat' dir='ltr'>libro</span> <span class='ocrx_word' id='word_1_172' title='bbox 391 2012 428 2051; x_wconf 88' lang='lat' dir='ltr'>ex</span> <span class='ocrx_word' id='word_1_173' title='bbox 451 1999 538 2069; x_wconf 90' lang='lat' dir='ltr'>parte</span> <span class='ocrx_word' id='word_1_174' title='bbox 561 1993 738 2065; x_wconf 87' lang='lat' dir='ltr'>Platonem,</span> <span class='ocrx_word' id='word_1_175' title='bbox 769 1991 807 2052; x_wconf 91' lang='lat' dir='ltr'>ad</span> <span class='ocrx_word' id='word_1_176' title='bbox 841 1993 925 2052; x_wconf 90' lang='lat' dir='ltr'>ouius</span> <span class='ocrx_word' id='word_1_177' title='bbox 957 1988 1189 2051; x_wconf 88' lang='lat' dir='ltr'>similitudinem</span> <span class='ocrx_word' id='word_1_178' title='bbox 1213 1989 1350 2068; x_wconf 88' lang='lat' dir='ltr'>disponit</span> 
     </span>
     <span class='ocr_line' id='line_1_22' title="bbox 200 2077 1349 2157; baseline -0.002 -21"><span class='ocrx_word' id='word_1_179' title='bbox 200 2077 314 2138; x_wconf 88' lang='lat' dir='ltr'>librum</span> <span class='ocrx_word' id='word_1_180' title='bbox 337 2079 392 2138; x_wconf 92' lang='lat' dir='ltr'>sub</span> <span class='ocrx_word' id='word_1_181' title='bbox 417 2078 540 2157; x_wconf 87' lang='lat' dir='ltr'>dialogo</span> <span class='ocrx_word' id='word_1_182' title='bbox 570 2084 600 2139; x_wconf 90' lang='lat' dir='ltr'>et</span> <span class='ocrx_word' id='word_1_183' title='bbox 627 2080 814 2140; x_wconf 89' lang='lat' dir='ltr'>introductis</span> <span class='ocrx_word' id='word_1_184' title='bbox 837 2078 975 2157; x_wconf 86' lang='lat' dir='ltr'>personis</span> <span class='ocrx_word' id='word_1_185' title='bbox 1000 2077 1148 2137; x_wconf 86' lang='lat' dir='ltr'>attribuit</span> <span class='ocrx_word' id='word_1_186' title='bbox 1171 2096 1349 2137; x_wconf 89' lang='lat' dir='ltr'>sermonem.</span> 
     </span>
     <span class='ocr_line' id='line_1_23' title="bbox 201 2163 1349 2243; baseline -0.003 -19"><span class='ocrx_word' id='word_1_187' title='bbox 201 2163 309 2225; x_wconf 88' lang='lat' dir='ltr'>Omnis</span> <span class='ocrx_word' id='word_1_188' title='bbox 332 2171 435 2225; x_wconf 88' lang='lat' dir='ltr'>autem</span> <span class='ocrx_word' id='word_1_189' title='bbox 458 2166 654 2243; x_wconf 91' lang='lat' dir='ltr'>dialogus</span> <span class='ocrx_word' id='word_1_190' title='bbox 686 2168 723 2226; x_wconf 89' lang='lat' dir='ltr'>fit</span> <span class='ocrx_word' id='word_1_191' title='bbox 744 2167 845 2226; x_wconf 90' lang='lat' dir='ltr'>tribus</span> <span class='ocrx_word' id='word_1_192' title='bbox 869 2166 965 2226; x_wconf 87' lang='lat' dir='ltr'>modis</span> <span class='ocrx_word' id='word_1_193' title='bbox 989 2164 1038 2225; x_wconf 89' lang='lat' dir='ltr'>vel</span> <span class='ocrx_word' id='word_1_194' title='bbox 1061 2165 1180 2235; x_wconf 80' lang='lat' dir='ltr'>causis3</span> <span class='ocrx_word' id='word_1_195' title='bbox 1211 2164 1246 2222; x_wconf 90' lang='lat' dir='ltr'>fit</span> <span class='ocrx_word' id='word_1_196' title='bbox 1269 2164 1349 2222; x_wconf 90' lang='lat' dir='ltr'>euim</span> 
     </span>
     <span class='ocr_line' id='line_1_24' title="bbox 201 2249 1350 2328; baseline -0.002 -18"><span class='ocrx_word' id='word_1_197' title='bbox 201 2252 251 2311; x_wconf 91' lang='lat' dir='ltr'>vel</span> <span class='ocrx_word' id='word_1_198' title='bbox 282 2272 373 2314; x_wconf 84' lang='lat' dir='ltr'>causa</span> <span class='ocrx_word' id='word_1_199' title='bbox 408 2253 532 2313; x_wconf 90' lang='lat' dir='ltr'>maioris</span> <span class='ocrx_word' id='word_1_200' title='bbox 564 2254 807 2314; x_wconf 86' lang='lat' dir='ltr'>confirmationis</span> <span class='ocrx_word' id='word_1_201' title='bbox 838 2253 916 2314; x_wconf 90' lang='lat' dir='ltr'>sicut</span> <span class='ocrx_word' id='word_1_202' title='bbox 948 2253 979 2311; x_wconf 92' lang='lat' dir='ltr'>in</span> <span class='ocrx_word' id='word_1_203' title='bbox 1003 2251 1126 2328; x_wconf 87' lang='lat' dir='ltr'>dialogo</span> <span class='ocrx_word' id='word_1_204' title='bbox 1150 2249 1294 2327; x_wconf 88' lang='lat' dir='ltr'>Gregorii</span> <span class='ocrx_word' id='word_1_205' title='bbox 1318 2254 1350 2308; x_wconf 92' lang='lat' dir='ltr'>et</span> 
     </span>
     <span class='ocr_line' id='line_1_25' title="bbox 201 2336 1349 2414; baseline -0.002 -17"><span class='ocrx_word' id='word_1_206' title='bbox 201 2338 297 2414; x_wconf 90' lang='lat' dir='ltr'>Petri,</span> <span class='ocrx_word' id='word_1_207' title='bbox 322 2339 372 2398; x_wconf 90' lang='lat' dir='ltr'>vel</span> <span class='ocrx_word' id='word_1_208' title='bbox 403 2360 495 2399; x_wconf 89' lang='lat' dir='ltr'>causa</span> <span class='ocrx_word' id='word_1_209' title='bbox 525 2340 725 2401; x_wconf 89' lang='lat' dir='ltr'>recreationis</span> <span class='ocrx_word' id='word_1_210' title='bbox 756 2347 787 2399; x_wconf 86' lang='lat' dir='ltr'>ct</span> <span class='ocrx_word' id='word_1_211' title='bbox 817 2338 989 2400; x_wconf 86' lang='lat' dir='ltr'>dilectionis</span> <span class='ocrx_word' id='word_1_212' title='bbox 1019 2337 1100 2398; x_wconf 86' lang='lat' dir='ltr'>sicut</span> <span class='ocrx_word' id='word_1_213' title='bbox 1135 2337 1295 2397; x_wconf 88' lang='lat' dir='ltr'>iuvenitur</span> <span class='ocrx_word' id='word_1_214' title='bbox 1318 2336 1349 2395; x_wconf 92' lang='lat' dir='ltr'>in</span> 
     </span>
     <span class='ocr_line' id='line_1_26' title="bbox 165 2425 1349 2503; baseline -0.004 -17"><span class='ocrx_word' id='word_1_215' title='bbox 165 2426 312 2503; x_wconf 71' lang='lat' dir='ltr'>copoetis,</span> <span class='ocrx_word' id='word_1_216' title='bbox 348 2425 395 2486; x_wconf 93' lang='lat' dir='ltr'>vel</span> <span class='ocrx_word' id='word_1_217' title='bbox 418 2447 509 2486; x_wconf 88' lang='lat' dir='ltr'>causa</span> <span class='ocrx_word' id='word_1_218' title='bbox 535 2427 731 2488; x_wconf 90' lang='lat' dir='ltr'>auctoritatis</span> <span class='ocrx_word' id='word_1_219' title='bbox 755 2435 789 2486; x_wconf 91' lang='lat' dir='ltr'>ut</span> <span class='ocrx_word' id='word_1_220' title='bbox 815 2427 888 2487; x_wconf 88' lang='lat' dir='ltr'>fides</span> <span class='ocrx_word' id='word_1_221' title='bbox 917 2425 1050 2486; x_wconf 89' lang='lat' dir='ltr'>sermoni</span> <span class='ocrx_word' id='word_1_222' title='bbox 1072 2425 1238 2496; x_wconf 85' lang='lat' dir='ltr'>habeatur,</span> <span class='ocrx_word' id='word_1_223' title='bbox 1262 2444 1349 2501; x_wconf 86' lang='lat' dir='ltr'>quem</span> 
     </span>
     <span class='ocr_line' id='line_1_27' title="bbox 87 2509 1350 2595; baseline -0.003 -23"><span class='ocrx_word' id='word_1_224' title='bbox 87 2513 376 2573; x_wconf 75' lang='lat' dir='ltr'>eumoaueteutioa</span> <span class='ocrx_word' id='word_1_225' title='bbox 407 2533 535 2592; x_wconf 87' lang='lat' dir='ltr'>persona</span> <span class='ocrx_word' id='word_1_226' title='bbox 565 2513 651 2576; x_wconf 90' lang='lat' dir='ltr'>facit.</span> <span class='ocrx_word' id='word_1_227' title='bbox 705 2510 984 2595; x_wconf 70' lang='lat' dir='ltr'>Praeponiturlhic</span> <span class='ocrx_word' id='word_1_228' title='bbox 1016 2531 1122 2571; x_wconf 84' lang='lat' dir='ltr'>versus</span> <span class='ocrx_word' id='word_1_229' title='bbox 1145 2511 1254 2583; x_wconf 89' lang='lat' dir='ltr'>Ennii,</span> <span class='ocrx_word' id='word_1_230' title='bbox 1279 2509 1350 2587; x_wconf 90' lang='lat' dir='ltr'>quia</span> 
     </span>
     <span class='ocr_line' id='line_1_28' title="bbox 201 2597 1350 2679; baseline -0.002 -21"><span class='ocrx_word' id='word_1_231' title='bbox 201 2599 281 2659; x_wconf 88' lang='lat' dir='ltr'>sicut</span> <span class='ocrx_word' id='word_1_232' title='bbox 299 2599 353 2660; x_wconf 90' lang='lat' dir='ltr'>ille</span> <span class='ocrx_word' id='word_1_233' title='bbox 376 2600 414 2660; x_wconf 90' lang='lat' dir='ltr'>ad</span> <span class='ocrx_word' id='word_1_234' title='bbox 431 2600 544 2679; x_wconf 81' lang='lat' dir='ltr'>Titum,</span> <span class='ocrx_word' id='word_1_235' title='bbox 569 2601 612 2661; x_wconf 85' lang='lat' dir='ltr'>sic</span> <span class='ocrx_word' id='word_1_236' title='bbox 636 2600 695 2660; x_wconf 89' lang='lat' dir='ltr'>iste</span> <span class='ocrx_word' id='word_1_237' title='bbox 719 2601 756 2661; x_wconf 88' lang='lat' dir='ltr'>ad</span> <span class='ocrx_word' id='word_1_238' title='bbox 768 2600 909 2662; x_wconf 88' lang='lat' dir='ltr'>Atticum</span> <span class='ocrx_word' id='word_1_239' title='bbox 933 2599 1059 2676; x_wconf 87' lang='lat' dir='ltr'>scripsit</span> <span class='ocrx_word' id='word_1_240' title='bbox 1081 2604 1113 2658; x_wconf 91' lang='lat' dir='ltr'>et</span> <span class='ocrx_word' id='word_1_241' title='bbox 1135 2597 1216 2658; x_wconf 88' lang='lat' dir='ltr'>sicut</span> <span class='ocrx_word' id='word_1_242' title='bbox 1238 2598 1291 2657; x_wconf 91' lang='lat' dir='ltr'>ille</span> <span class='ocrx_word' id='word_1_243' title='bbox 1314 2597 1350 2656; x_wconf 90' lang='lat' dir='ltr'>de</span> 
     </span>
     <span class='ocr_line' id='line_1_29' title="bbox 201 2684 1349 2765; baseline -0.002 -20"><span class='ocrx_word' id='word_1_244' title='bbox 201 2691 373 2758; x_wconf 86' lang='lat' dir='ltr'>senectute,</span> <span class='ocrx_word' id='word_1_245' title='bbox 409 2688 452 2747; x_wconf 88' lang='lat' dir='ltr'>sic</span> <span class='ocrx_word' id='word_1_246' title='bbox 485 2692 516 2747; x_wconf 89' lang='lat' dir='ltr'>et</span> <span class='ocrx_word' id='word_1_247' title='bbox 549 2687 608 2747; x_wconf 90' lang='lat' dir='ltr'>iste</span> <span class='ocrx_word' id='word_1_248' title='bbox 643 2688 768 2765; x_wconf 87' lang='lat' dir='ltr'>scripsit</span> <span class='ocrx_word' id='word_1_249' title='bbox 799 2688 835 2748; x_wconf 93' lang='lat' dir='ltr'>de</span> <span class='ocrx_word' id='word_1_250' title='bbox 867 2691 1031 2748; x_wconf 89' lang='lat' dir='ltr'>senectute.</span> <span class='ocrx_word' id='word_1_251' title='bbox 1083 2685 1255 2746; x_wconf 83' lang='lat' dir='ltr'>Materia</span> <span class='ocrx_word' id='word_1_252' title='bbox 1285 2684 1349 2744; x_wconf 91' lang='lat' dir='ltr'>eius</span> 
     </span>
     <span class='ocr_line' id='line_1_30' title="bbox 201 2770 1350 2851; baseline -0.003 -19"><span class='ocrx_word' id='word_1_253' title='bbox 201 2780 249 2832; x_wconf 91' lang='lat' dir='ltr'>est</span> <span class='ocrx_word' id='word_1_254' title='bbox 270 2773 445 2850; x_wconf 88' lang='lat' dir='ltr'>provectior</span> <span class='ocrx_word' id='word_1_255' title='bbox 476 2780 542 2834; x_wconf 89' lang='lat' dir='ltr'>etas</span> <span class='ocrx_word' id='word_1_256' title='bbox 573 2775 755 2847; x_wconf 77' lang='lat' dir='ltr'>senectutiS,</span> <span class='ocrx_word' id='word_1_257' title='bbox 787 2794 876 2851; x_wconf 88' lang='lat' dir='ltr'>quam</span> <span class='ocrx_word' id='word_1_258' title='bbox 910 2773 941 2834; x_wconf 94' lang='lat' dir='ltr'>in</span> <span class='ocrx_word' id='word_1_259' title='bbox 974 2773 1060 2833; x_wconf 88' lang='lat' dir='ltr'>bonis</span> <span class='ocrx_word' id='word_1_260' title='bbox 1084 2771 1284 2841; x_wconf 87' lang='lat' dir='ltr'>defendendo,</span> <span class='ocrx_word' id='word_1_261' title='bbox 1317 2770 1350 2829; x_wconf 89' lang='lat' dir='ltr'>in</span> 
     </span>
     <span class='ocr_line' id='line_1_31' title="bbox 164 2858 1349 2941; baseline -0.003 -22"><span class='ocrx_word' id='word_1_262' title='bbox 164 2867 192 2910; x_wconf 83' lang='lat'>30</span> <span class='ocrx_word' id='word_1_263' title='bbox 201 2860 305 2938; x_wconf 86' lang='lat' dir='ltr'>pravis</span> <span class='ocrx_word' id='word_1_264' title='bbox 337 2861 470 2921; x_wconf 89' lang='lat' dir='ltr'>moribus</span> <span class='ocrx_word' id='word_1_265' title='bbox 502 2860 655 2941; x_wconf 88' lang='lat' dir='ltr'>arguendo</span> <span class='ocrx_word' id='word_1_266' title='bbox 683 2860 816 2922; x_wconf 89' lang='lat' dir='ltr'>intendit</span> <span class='ocrx_word' id='word_1_267' title='bbox 846 2880 979 2939; x_wconf 89' lang='lat' dir='ltr'>quosque</span> <span class='ocrx_word' id='word_1_268' title='bbox 1009 2880 1096 2920; x_wconf 87' lang='lat' dir='ltr'>senes</span> <span class='ocrx_word' id='word_1_269' title='bbox 1121 2858 1295 2920; x_wconf 83' lang='lat' dir='ltr'>confortare</span> <span class='ocrx_word' id='word_1_270' title='bbox 1319 2865 1349 2916; x_wconf 92' lang='lat' dir='ltr'>et</span> 
     </span>
     <span class='ocr_line' id='line_1_32' title="bbox 201 2945 1350 3025; baseline -0.002 -20"><span class='ocrx_word' id='word_1_271' title='bbox 201 2947 233 3005; x_wconf 92' lang='lat' dir='ltr'>in</span> <span class='ocrx_word' id='word_1_272' title='bbox 264 2947 332 3025; x_wconf 87' lang='lat' dir='ltr'>ipso</span> <span class='ocrx_word' id='word_1_273' title='bbox 364 2947 549 3008; x_wconf 88' lang='lat' dir='ltr'>conditionis</span> <span class='ocrx_word' id='word_1_274' title='bbox 580 2948 711 3009; x_wconf 89' lang='lat' dir='ltr'>articulo</span> <span class='ocrx_word' id='word_1_275' title='bbox 743 2948 783 3009; x_wconf 89' lang='lat' dir='ltr'>ad</span> <span class='ocrx_word' id='word_1_276' title='bbox 810 2948 942 3008; x_wconf 84' lang='lat' dir='ltr'>virtutes</span> <span class='ocrx_word' id='word_1_277' title='bbox 971 2955 1110 3008; x_wconf 87' lang='lat' dir='ltr'>senectae</span> <span class='ocrx_word' id='word_1_278' title='bbox 1134 2945 1350 3007; x_wconf 88' lang='lat' dir='ltr'>consolatrices</span> 
     </span>
     <span class='ocr_line' id='line_1_33' title="bbox 201 3033 1141 3112; baseline 0.001 -19"><span class='ocrx_word' id='word_1_279' title='bbox 201 3033 326 3111; x_wconf 89' lang='lat' dir='ltr'>erigere.</span> <span class='ocrx_word' id='word_1_280' title='bbox 372 3034 538 3094; x_wconf 89' lang='lat' dir='ltr'>Finalis</span> <span class='ocrx_word' id='word_1_281' title='bbox 561 3037 723 3095; x_wconf 81' lang='lat' dir='ltr'>fructus</span> <span class='ocrx_word' id='word_1_282' title='bbox 747 3035 910 3112; x_wconf 87' lang='lat' dir='ltr'>diligentia</span> <span class='ocrx_word' id='word_1_283' title='bbox 934 3033 1065 3112; x_wconf 89' lang='lat' dir='ltr'>legentis</span> <span class='ocrx_word' id='word_1_284' title='bbox 1085 3037 1141 3094; x_wconf 89' lang='lat' dir='ltr'>est.</span> 
     </span>
    </p>
   </div>
   <div class='ocr_carea' id='block_1_3' title="bbox 272 3220 1261 3497">
    <p class='ocr_par' dir='ltr' id='par_1_3' title="bbox 289 3220 607 3302">
     <span class='ocr_line' id='line_1_34' title="bbox 289 3220 607 3302; baseline 0.009 -29"><span class='ocrx_word' id='word_1_285' title='bbox 289 3221 314 3289; x_wconf 89' lang='lat'>1]</span> <span class='ocrx_word' id='word_1_286' title='bbox 333 3220 459 3290; x_wconf 75' lang='lat' dir='ltr'>proximu</span> <span class='ocrx_word' id='word_1_287' title='bbox 479 3222 522 3291; x_wconf 85' lang='lat'>(=</span> <span class='ocrx_word' id='word_1_288' title='bbox 541 3223 607 3302; x_wconf 80' lang='lat' dir='ltr'>um).</span> 
     </span>
    </p>

    <p class='ocr_par' dir='ltr' id='par_1_4' title="bbox 290 3290 998 3361">
     <span class='ocr_line' id='line_1_35' title="bbox 290 3290 998 3361; baseline 0.003 -19"><span class='ocrx_word' id='word_1_289' title='bbox 290 3296 300 3332; x_wconf 88' lang='lat'>1</span> <span class='ocrx_word' id='word_1_290' title='bbox 312 3290 390 3344; x_wconf 88' lang='lat' dir='ltr'>docet</span> <span class='ocrx_word' id='word_1_291' title='bbox 401 3322 434 3328; x_wconf 92' lang='lat'><strong>—</strong></span> <span class='ocrx_word' id='word_1_292' title='bbox 444 3292 652 3360; x_wconf 80' lang='lat' dir='ltr'>experientiam]</span> <span class='ocrx_word' id='word_1_293' title='bbox 672 3294 767 3346; x_wconf 84' lang='lat' dir='ltr'>doctus</span> <span class='ocrx_word' id='word_1_294' title='bbox 778 3323 813 3332; x_wconf 89' lang='lat'><em>—</em></span> <span class='ocrx_word' id='word_1_295' title='bbox 823 3292 998 3361; x_wconf 82' lang='lat' dir='ltr'>experientia.</span> 
     </span>
    </p>

    <p class='ocr_par' dir='ltr' id='par_1_5' title="bbox 272 3356 1261 3497">
     <span class='ocr_line' id='line_1_36' title="bbox 290 3356 1261 3429; baseline -0.002 -18"><span class='ocrx_word' id='word_1_296' title='bbox 290 3360 384 3426; x_wconf 81' lang='lat' dir='ltr'>2quod</span> <span class='ocrx_word' id='word_1_297' title='bbox 404 3359 506 3428; x_wconf 85' lang='lat' dir='ltr'>exitus]</span> <span class='ocrx_word' id='word_1_298' title='bbox 526 3361 598 3429; x_wconf 90' lang='lat' dir='ltr'>quod</span> <span class='ocrx_word' id='word_1_299' title='bbox 617 3362 713 3415; x_wconf 85' lang='lat' dir='ltr'>exitur.</span> <span class='ocrx_word' id='word_1_300' title='bbox 823 3361 907 3414; x_wconf 64' lang='lat' dir='ltr'>cavel</span> <span class='ocrx_word' id='word_1_301' title='bbox 926 3360 1029 3428; x_wconf 85' lang='lat' dir='ltr'>causis]</span> <span class='ocrx_word' id='word_1_302' title='bbox 1048 3360 1093 3412; x_wconf 77' lang='lat' dir='ltr'>rel</span> <span class='ocrx_word' id='word_1_303' title='bbox 1113 3359 1144 3411; x_wconf 88' lang='lat' dir='ltr'>dc</span> <span class='ocrx_word' id='word_1_304' title='bbox 1163 3356 1261 3410; x_wconf 86' lang='lat' dir='ltr'>causis¹</span> 
     </span>
     <span class='ocr_line' id='line_1_37' title="bbox 272 3427 790 3497; baseline 0.012 -18"><span class='ocrx_word' id='word_1_305' title='bbox 272 3427 475 3497; x_wconf 72' lang='lat' dir='ltr'>24dilectionis]</span> <span class='ocrx_word' id='word_1_306' title='bbox 494 3428 545 3482; x_wconf 86' lang='lat' dir='ltr'>lies</span> <span class='ocrx_word' id='word_1_307' title='bbox 564 3430 790 3484; x_wconf 63' lang='lat' dir='ltr'>delectationis?</span> 
     </span>
    </p>
   </div>
   <div class='ocr_carea' id='block_1_4' title="bbox 201 3597 1350 4202">
    <p class='ocr_par' dir='ltr' id='par_1_6' title="bbox 202 3597 1347 3729">
     <span class='ocr_line' id='line_1_38' title="bbox 289 3597 1347 3719; baseline -0.001 -70"><span class='ocrx_word' id='word_1_308' title='bbox 289 3597 313 3719; x_wconf 49' lang='grc' dir='ltr'>ὃ]</span> <span class='ocrx_word' id='word_1_309' title='bbox 335 3597 475 3660; x_wconf 73' lang='lat' dir='ltr'>Terens,</span> <span class='ocrx_word' id='word_1_310' title='bbox 503 3597 630 3651; x_wconf 90' lang='lat' dir='ltr'>Phormio</span> <span class='ocrx_word' id='word_1_311' title='bbox 649 3598 701 3661; x_wconf 87' lang='lat' dir='ltr'>IV,</span> <span class='ocrx_word' id='word_1_312' title='bbox 722 3599 784 3661; x_wconf 88' lang='lat'>1‚9</span> <span class='ocrx_word' id='word_1_313' title='bbox 812 3599 856 3667; x_wconf 85' lang='lat'>(=</span> <span class='ocrx_word' id='word_1_314' title='bbox 876 3597 949 3664; x_wconf 74' lang='lat'>575):</span> <span class='ocrx_word' id='word_1_315' title='bbox 977 3602 1097 3650; x_wconf 70' lang='lat' dir='ltr'>sericatus</span> <span class='ocrx_word' id='word_1_316' title='bbox 1121 3597 1208 3664; x_wconf 79' lang='lat' dir='ltr'>ipsust</span> <span class='ocrx_word' id='word_1_317' title='bbox 1225 3597 1347 3661; x_wconf 71' lang='lat' dir='ltr'>morbus,</span> 
     </span>
     <span class='ocr_line' id='line_1_39' title="bbox 202 3665 1223 3729; baseline 0 -11"><span class='ocrx_word' id='word_1_318' title='bbox 202 3667 295 3719; x_wconf 80' lang='lat' dir='ltr'>Koara</span> <span class='ocrx_word' id='word_1_319' title='bbox 331 3665 434 3720; x_wconf 86' lang='lat' dir='ltr'>kannte</span> <span class='ocrx_word' id='word_1_320' title='bbox 453 3667 502 3721; x_wconf 88' lang='lat' dir='ltr'>das</span> <span class='ocrx_word' id='word_1_321' title='bbox 521 3667 595 3721; x_wconf 83' lang='lat' dir='ltr'>Oitat</span> <span class='ocrx_word' id='word_1_322' title='bbox 612 3666 752 3720; x_wconf 82' lang='lat' dir='ltr'>vielleicht</span> <span class='ocrx_word' id='word_1_323' title='bbox 770 3684 820 3719; x_wconf 86' lang='lat' dir='ltr'>aus</span> <span class='ocrx_word' id='word_1_324' title='bbox 839 3666 950 3720; x_wconf 82' lang='lat' dir='ltr'>Servius</span> <span class='ocrx_word' id='word_1_325' title='bbox 969 3685 1017 3719; x_wconf 89' lang='lat' dir='ltr'>zur</span> <span class='ocrx_word' id='word_1_326' title='bbox 1035 3667 1102 3718; x_wconf 83' lang='lat' dir='ltr'>Aen.</span> <span class='ocrx_word' id='word_1_327' title='bbox 1122 3665 1145 3729; x_wconf 87' lang='grc'>8,</span> <span class='ocrx_word' id='word_1_328' title='bbox 1165 3667 1223 3719; x_wconf 82' lang='grc'><strong>577.</strong></span> 
     </span>
    </p>

    <p class='ocr_par' dir='ltr' id='par_1_7' title="bbox 201 3734 1350 3942">
     <span class='ocr_line' id='line_1_40' title="bbox 274 3734 1350 3804; baseline -0.001 -16"><span class='ocrx_word' id='word_1_329' title='bbox 274 3736 317 3804; x_wconf 88' lang='lat'>10]</span> <span class='ocrx_word' id='word_1_330' title='bbox 338 3736 380 3789; x_wconf 88' lang='lat' dir='ltr'>die</span> <span class='ocrx_word' id='word_1_331' title='bbox 405 3736 432 3788; x_wconf 92' lang='lat' dir='ltr'>in</span> <span class='ocrx_word' id='word_1_332' title='bbox 451 3736 491 3788; x_wconf 85' lang='lat' dir='ltr'>T¹</span> <span class='ocrx_word' id='word_1_333' title='bbox 510 3736 550 3789; x_wconf 78' lang='lat' dir='ltr'>T²</span> <span class='ocrx_word' id='word_1_334' title='bbox 576 3754 637 3788; x_wconf 90' lang='lat' dir='ltr'>zum</span> <span class='ocrx_word' id='word_1_335' title='bbox 664 3735 731 3788; x_wconf 85' lang='lat' dir='ltr'>Cato</span> <span class='ocrx_word' id='word_1_336' title='bbox 756 3736 842 3788; x_wconf 90' lang='lat' dir='ltr'>maior</span> <span class='ocrx_word' id='word_1_337' title='bbox 866 3736 1015 3789; x_wconf 87' lang='lat' dir='ltr'>stehenden</span> <span class='ocrx_word' id='word_1_338' title='bbox 1035 3735 1114 3789; x_wconf 76' lang='lat' dir='ltr'>Sttzc</span> <span class='ocrx_word' id='word_1_339' title='bbox 1138 3736 1204 3788; x_wconf 81' lang='lat' dir='ltr'>tiber</span> <span class='ocrx_word' id='word_1_340' title='bbox 1228 3734 1350 3798; x_wconf 83' lang='lat' dir='ltr'>materia,</span> 
     </span>
     <span class='ocr_line' id='line_1_41' title="bbox 201 3803 1350 3871; baseline -0.001 -14"><span class='ocrx_word' id='word_1_341' title='bbox 201 3804 316 3858; x_wconf 80' lang='lat' dir='ltr'>intentio</span> <span class='ocrx_word' id='word_1_342' title='bbox 335 3823 361 3859; x_wconf 84' lang='lat' dir='ltr'>a.</span> <span class='ocrx_word' id='word_1_343' title='bbox 381 3823 401 3858; x_wconf 89' lang='grc' dir='ltr'>ε.</span> <span class='ocrx_word' id='word_1_344' title='bbox 421 3823 453 3857; x_wconf 89' lang='lat' dir='ltr'>w.</span> <span class='ocrx_word' id='word_1_345' title='bbox 474 3805 523 3858; x_wconf 88' lang='lat' dir='ltr'>hat</span> <span class='ocrx_word' id='word_1_346' title='bbox 541 3805 651 3858; x_wconf 87' lang='lat' dir='ltr'>Konrad</span> <span class='ocrx_word' id='word_1_347' title='bbox 675 3804 733 3857; x_wconf 86' lang='lat' dir='ltr'>hior</span> <span class='ocrx_word' id='word_1_348' title='bbox 756 3804 832 3857; x_wconf 90' lang='lat' dir='ltr'>nicht</span> <span class='ocrx_word' id='word_1_349' title='bbox 855 3808 1032 3871; x_wconf 84' lang='lat' dir='ltr'>ausgenutzt,</span> <span class='ocrx_word' id='word_1_350' title='bbox 1051 3821 1183 3871; x_wconf 81' lang='lat' dir='ltr'>wogegen</span> <span class='ocrx_word' id='word_1_351' title='bbox 1201 3821 1230 3856; x_wconf 82' lang='lat' dir='ltr'>er</span> <span class='ocrx_word' id='word_1_352' title='bbox 1248 3803 1350 3870; x_wconf 69' lang='lat' dir='ltr'>sinigas</span> 
     </span>
     <span class='ocr_line' id='line_1_42' title="bbox 203 3873 1211 3942; baseline 0 -16"><span class='ocrx_word' id='word_1_353' title='bbox 203 3874 247 3926; x_wconf 76' lang='lat' dir='ltr'>fiir</span> <span class='ocrx_word' id='word_1_354' title='bbox 265 3874 307 3926; x_wconf 91' lang='lat' dir='ltr'>die</span> <span class='ocrx_word' id='word_1_355' title='bbox 326 3873 520 3942; x_wconf 82' lang='lat' dir='ltr'>Besprcchung</span> <span class='ocrx_word' id='word_1_356' title='bbox 540 3875 587 3927; x_wconf 85' lang='lat' dir='ltr'>des</span> <span class='ocrx_word' id='word_1_357' title='bbox 605 3873 713 3927; x_wconf 87' lang='lat' dir='ltr'>Laelius</span> <span class='ocrx_word' id='word_1_358' title='bbox 731 3874 888 3927; x_wconf 80' lang='lat' dir='ltr'>verwendet</span> <span class='ocrx_word' id='word_1_359' title='bbox 906 3874 961 3935; x_wconf 86' lang='lat' dir='ltr'>hat,</span> <span class='ocrx_word' id='word_1_360' title='bbox 981 3892 1002 3927; x_wconf 88' lang='grc' dir='ltr'>ε.</span> <span class='ocrx_word' id='word_1_361' title='bbox 1023 3875 1091 3927; x_wconf 86' lang='lat' dir='ltr'>oben</span> <span class='ocrx_word' id='word_1_362' title='bbox 1109 3874 1150 3937; x_wconf 77' lang='lat'>53,</span> <span class='ocrx_word' id='word_1_363' title='bbox 1172 3874 1211 3926; x_wconf 81' lang='lat'>15.</span> 
     </span>
    </p>

    <p class='ocr_par' dir='ltr' id='par_1_8' title="bbox 203 3941 1350 4075">
     <span class='ocr_line' id='line_1_43' title="bbox 274 3941 1350 4010; baseline 0.001 -16"><span class='ocrx_word' id='word_1_364' title='bbox 274 3942 316 4010; x_wconf 74' lang='lat'>²3]</span> <span class='ocrx_word' id='word_1_365' title='bbox 336 3942 402 3995; x_wconf 82' lang='lat' dir='ltr'>iiber</span> <span class='ocrx_word' id='word_1_366' title='bbox 420 3942 525 4009; x_wconf 79' lang='lat' dir='ltr'>Gregor</span> <span class='ocrx_word' id='word_1_367' title='bbox 550 3944 601 3996; x_wconf 83' lang='lat' dir='ltr'>den</span> <span class='ocrx_word' id='word_1_368' title='bbox 619 3942 739 3996; x_wconf 80' lang='lat' dir='ltr'>Grosscn</span> <span class='ocrx_word' id='word_1_369' title='bbox 762 3944 816 3996; x_wconf 91' lang='lat' dir='ltr'>und</span> <span class='ocrx_word' id='word_1_370' title='bbox 841 3942 915 3997; x_wconf 82' lang='lat' dir='ltr'>scine</span> <span class='ocrx_word' id='word_1_371' title='bbox 934 3943 1048 4010; x_wconf 83' lang='lat' dir='ltr'>Dialoge</span> <span class='ocrx_word' id='word_1_372' title='bbox 1067 3961 1088 3997; x_wconf 88' lang='grc' dir='ltr'>ε.</span> <span class='ocrx_word' id='word_1_373' title='bbox 1109 3942 1204 4006; x_wconf 82' lang='lat' dir='ltr'>Ebert,</span> <span class='ocrx_word' id='word_1_374' title='bbox 1230 3941 1281 3994; x_wconf 84' lang='lat' dir='ltr'>Lit.</span> <span class='ocrx_word' id='word_1_375' title='bbox 1302 3942 1350 3995; x_wconf 90' lang='lat' dir='ltr'>des</span> 
     </span>
     <span class='ocr_line' id='line_1_44' title="bbox 203 4010 501 4075; baseline 0 -11"><span class='ocrx_word' id='word_1_376' title='bbox 203 4010 342 4064; x_wconf 88' lang='lat' dir='ltr'>Mittelalt.</span> <span class='ocrx_word' id='word_1_377' title='bbox 363 4011 383 4075; x_wconf 91' lang='lat' dir='ltr'>l,</span> <span class='ocrx_word' id='word_1_378' title='bbox 403 4013 455 4064; x_wconf 79' lang='lat'>520</span> <span class='ocrx_word' id='word_1_379' title='bbox 474 4013 501 4064; x_wconf 87' lang='lat' dir='ltr'>ff.</span> 
     </span>
    </p>

    <p class='ocr_par' dir='ltr' id='par_1_9' title="bbox 203 4078 1350 4202">
     <span class='ocr_line' id='line_1_45' title="bbox 275 4078 1350 4148; baseline -0.001 -15"><span class='ocrx_word' id='word_1_380' title='bbox 275 4080 316 4148; x_wconf 75' lang='lat'>²⁶]</span> <span class='ocrx_word' id='word_1_381' title='bbox 337 4080 456 4146; x_wconf 85' lang='lat' dir='ltr'>gemeint</span> <span class='ocrx_word' id='word_1_382' title='bbox 479 4081 540 4134; x_wconf 89' lang='lat' dir='ltr'>sind</span> <span class='ocrx_word' id='word_1_383' title='bbox 563 4079 605 4132; x_wconf 89' lang='lat' dir='ltr'>die</span> <span class='ocrx_word' id='word_1_384' title='bbox 629 4078 831 4144; x_wconf 82' lang='lat' dir='ltr'>Enniusverse,</span> <span class='ocrx_word' id='word_1_385' title='bbox 860 4081 909 4134; x_wconf 87' lang='lat' dir='ltr'>mit</span> <span class='ocrx_word' id='word_1_386' title='bbox 937 4080 1060 4134; x_wconf 81' lang='lat' dir='ltr'>walchen</span> <span class='ocrx_word' id='word_1_387' title='bbox 1086 4081 1140 4134; x_wconf 78' lang='lat'>010.</span> <span class='ocrx_word' id='word_1_388' title='bbox 1164 4080 1258 4133; x_wconf 86' lang='lat' dir='ltr'>seinen</span> <span class='ocrx_word' id='word_1_389' title='bbox 1283 4079 1350 4132; x_wconf 82' lang='lat' dir='ltr'>Cato</span> 
     </span>
     <span class='ocr_line' id='line_1_46' title="bbox 203 4148 435 4202; baseline 0 0"><span class='ocrx_word' id='word_1_390' title='bbox 203 4148 289 4202; x_wconf 88' lang='lat' dir='ltr'>maior</span> <span class='ocrx_word' id='word_1_391' title='bbox 307 4148 435 4202; x_wconf 86' lang='lat' dir='ltr'>einleitet.</span> 
     </span>
    </p>
   </div>
   <div class='ocr_carea' id='block_1_5' title="bbox 0 0 1542 4854">
    <p class='ocr_par' dir='ltr' id='par_1_10' title="bbox 0 0 1542 4854">
     <span class='ocr_line' id='line_1_47' title="bbox 0 0 1542 4854; baseline 0 0"><span class='ocrx_word' id='word_1_392' title='bbox 0 0 1542 4854; x_wconf 95' lang='lat' dir='ltr'> </span> 
     </span>
    </p>
   </div>
  </div>
 </body>
</html>
