3074 4854
653 215 865 274 ..33-

181 384 324 445 nimirum
348 384 494 445 astutiam
516 384 580 445 eius
604 384 719 447 bestiae
742 405 929 464 comparans.
973 386 1016 446 Et
1042 384 1075 445 in
1102 387 1181 446 huno
1204 386 1325 446 modum

183 473 280 532 multa
310 472 426 550 reperis
456 472 488 531 in
513 472 682 550 scriptura,
718 473 770 532 ubi
797 493 846 533 res
877 471 1071 533 insensibiles
1102 472 1268 532 fleetuntur
1288 473 1326 533 ad

184 558 338 619 hominum
363 578 459 620 mores
483 559 655 620 sivebonos
679 580 731 620 seu
754 560 858 631 malos,
881 566 917 619 ut
939 580 975 620 ex
995 559 1222 638 comparatione
1245 579 1328 620 orea-

70 656 134 701 antt
146 650 270 706 saturae
292 645 446 706 inferioris
459 651 564 724 pateat
581 650 672 706 auota
684 647 733 708 vel
747 647 860 707 amissa
871 646 975 725 gratia
987 653 1116 707 naturae
1135 644 1323 729 superioris}

161 743 175 784 b
270 733 308 792 Ι).
331 732 378 793 De
400 733 624 794 intentione
647 733 712 794 eius
735 733 839 811 aliqua
862 735 1014 795 subnecte.

269 820 312 879 al.
334 819 384 878 Ex
406 819 475 898 ipsa
505 819 633 881 materia
655 825 744 897 patet
766 821 900 882 auotoris
923 819 1069 897 intentio,
1098 819 1170 897 quia
1191 838 1246 897 per
1269 819 1326 879 hoo

183 925 258 983 opus
292 905 388 966 variis
422 914 610 985 compartum
647 908 802 985 figmentis
836 907 936 968 voluit
974 912 1006 968 et
1037 906 1188 967 delectare
1231 906 1329 965 homi·

182 1013 312 1071 numque
335 1000 475 1054 naturam
499 993 586 1071 quasi
608 994 739 1055 rationis
766 1000 921 1072 expertem
951 1015 988 1055 ex
1011 996 1169 1054 brutorum
1192 992 1327 1052 animan·

183 1079 261 1139 tium
273 1080 436 1142 collatione
458 1081 497 1141 ad
520 1101 552 1141 se
574 1100 727 1144 revocare.
756 1081 887 1142 Causa
910 1080 1060 1141 finalis
1083 1079 1225 1144 lectionis
1249 1080 1329 1140 fruo-

148 1179 175 1221 10
184 1171 234 1226 tus
258 1172 313 1226 est.

270 1253 309 1312 Ι).
333 1253 428 1316 Miror
451 1274 509 1332 quo
528 1255 800 1334 temporeFauuns
823 1255 883 1316 iste
905 1254 1041 1333 gentium
1059 1253 1147 1315 silvis
1167 1252 1326 1332 prodierit.

269 1338 376 1412 Super
405 1339 585 1402 livianum.
608 1344 651 1403 M.
694 1343 841 1422 Sequitur
869 1342 1008 1403 Avianus
1036 1340 1069 1401 in
1098 1360 1225 1402 ascensu
1260 1360 1329 1418 par·

183 1426 322 1487 vulorum
347 1432 378 1488 et
399 1429 483 1489 velut
506 1428 537 1488 in
561 1429 660 1507 gradu
682 1430 824 1492 lactentis
847 1428 998 1490 infantiae
1013 1427 1130 1507 positus
1148 1447 1250 1488 eorum
1274 1425 1327 1504 qui

184 1513 314 1573 solidum
345 1513 445 1574 eibum
480 1515 611 1577 nondum
642 1523 771 1596 possunt
805 1536 912 1594 capere
944 1536 998 1576 neo
1029 1515 1127 1576 adhue
1153 1513 1328 1592 disciplinis

149 1615 175 1656 15
185 1600 387 1662 validioribus
410 1608 568 1664 anctorum
592 1605 739 1666 maiorum
762 1624 884 1683 operam
908 1602 989 1664 dare.

271 1688 310 1747 D.
333 1688 378 1749 De
401 1689 458 1750 hoo
480 1689 578 1768 igitur
600 1691 705 1769 aliqua
727 1692 845 1753 resolve
868 1697 899 1751 et
927 1710 1013 1768 quem
1036 1688 1105 1768 quis
1117 1687 1328 1766 praecesserit,

185 1794 224 1833 an
247 1775 388 1851 Hesopus
410 1776 567 1838 Aviauum
590 1799 629 1838 au
652 1779 706 1840 ille
728 1779 832 1855 istum,
856 1777 995 1840 ostende.

272 1862 314 1922 M.
337 1863 453 1924 Neuter
475 1864 581 1925 horum
604 1865 720 1944 primus
740 1866 884 1927 inventor
906 1869 954 1925 est
975 1861 1157 1936 fabularum,
1180 1859 1232 1920 sed
1248 1859 1328 1919 Alti-

186 1968 255 2009 mou
278 1948 488 2011 Crotoniensis
511 1953 641 2030 primum
674 1954 706 2013 in
729 1952 870 2014 texendis
893 1951 1006 2012 fabulis
1036 1951 1134 2010 fertur
1156 1946 1330 2018 laborasse;

152 2035 307 2096 aolaborat
329 2037 408 2097 enirn
432 2039 529 2100 omnis
553 2040 605 2117 qui
627 2041 763 2118 loquitur
785 2038 983 2101 mendacium.
1020 2036 1115 2108 Quem
1138 2041 1259 2095 secutus
1282 2042 1329 2094 est

186 2123 333 2201 Hesopus,
357 2125 509 2203 Hesopum
527 2127 678 2201 Avienus,
703 2127 754 2188 sed
777 2127 899 2205 utrique
922 2124 1130 2204 praestantior
1151 2127 1260 2199 utpote
1281 2140 1330 2180 ea·

187 2209 321 2270 thelicus
352 2218 383 2272 et
412 2212 444 2272 in
468 2234 560 2296 prosa
584 2216 633 2275 vel
666 2221 764 2275 metro
787 2214 900 2293 optime
924 2212 1071 2272 eruditus
1125 2207 1329 2269 considerans

185 2302 286 2358 autem
311 2297 389 2359 idem
406 2300 468 2360 suis
493 2303 681 2380 temporibus
704 2321 801 2363 mores
822 2300 974 2361 hominum
990 2294 1182 2375 praecedenti
1202 2315 1329 2374 genera-

186 2383 265 2445 tioni
292 2384 551 2450 inconstantiores
586 2396 617 2450 et
646 2388 879 2464 insolentum,
909 2382 1146 2466 praesumptivis
1177 2383 1330 2442 mentibus

149 2485 177 2527 25
186 2474 415 2549 comparatione
438 2476 568 2552 quadam
592 2477 723 2554 primum
747 2475 875 2538 obvians
899 2493 974 2552 opus
998 2471 1082 2531 istud
1105 2469 1262 2547 explicuit,
1285 2468 1329 2528 in-

185 2558 331 2636 cipiensa
348 2561 460 2622 femina
474 2564 597 2642 perfida,
617 2565 689 2644 quia
704 2562 905 2640 amnisquam
920 2559 1040 2639 patitur
1055 2577 1149 2636 genus
1164 2559 1328 2617 humanum

185 2698 328 2707 —-.—
337 2704 342 2708 .
356 2704 496 2711 ...υ--..-

274 2767 299 2835 2]
318 2768 384 2821 tiber
402 2770 536 2841 scriptura
554 2769 631 2823 steht
649 2769 701 2822 ‘vel
718 2769 764 2822 ris’
784 2768 819 2836 (d.
838 2767 864 2819 h.
884 2764 1045 2836 seripturis).

274 2838 425 2918 sauctoris]
445 2840 669 2893 auctore—eino
687 2839 715 2891 in
733 2838 784 2891 den
802 2836 867 2889 Has.
886 2835 927 2888 oft
944 2832 1156 2887 vorkommende
1169 2829 1328 2884 Verweehs·

185 2904 251 2972 lung
270 2906 317 2959 der
335 2907 380 2960 fur
398 2909 440 2962 due
459 2908 532 2962 Silbe
551 2910 590 2962 ‘is'
610 2907 759 2962 dienenden
777 2905 944 2969 Abkllrzung
963 2902 1013 2956 mit
1031 2903 1091 2954 dem
1111 2900 1223 2954 Buahst.
1243 2899 1282 2952 ‘e'.

258 2976 323 3029 19in
342 2978 478 3048 texendis]
497 2977 534 3032 ist
554 2976 724 3032 ‘intexendis’
743 2993 778 3029 zu
795 2975 895 3028 lesen‘?

275 3171 286 3208 7
319 3166 374 3232 vgl.
394 3167 462 3220 oben
481 3184 514 3219 zu
533 3166 573 3229 33,
593 3166 626 3217 27
645 3166 663 3216 f.
1039 3227 1044 3236 ·
1079 3213 1093 3225 ..
1210 3223 1215 3233 ι

258 3239 285 3277 11
319 3237 368 3288 auf
384 3237 426 3289 die
445 3236 473 3288 in
492 3235 589 3288 ‘miror’
608 3232 731 3299 liegende
741 3231 828 3296 Frage
846 3229 917 3282 naoh
935 3228 983 3280 der
1001 3227 1059 3279 Ze1t
1074 3225 1164 3293 Asops
1182 3224 1250 3276 wrrd
1269 3223 1329 3276 also

186 3303 263 3357 nicht
280 3308 475 3371 geantwo1·tet;
495 3305 550 3371 vgl.
569 3306 653 3356 unten
671 3301 712 3362 51,
731 3301 755 3352 2.

258 3380 287 3415 1²⁵
320 3391 342 3426 s.
361 3375 430 3428 oben
448 3393 481 3428 zu
500 3373 541 3433 21,
562 3372 606 3434 10;
626 3370 667 3434 28,
688 3371 731 3432 19;
751 3369 791 3433 31,
812 3368 852 3420 15.

258 3448 287 3485 1ss
320 3462 341 3496 s.
362 3444 481 3497 obenan
501 3442 589 3505 26,4;
609 3441 650 3503 27,
670 3439 693 3491 3.

259 3518 288 3555 16
320 3514 381 3581 quis
399 3516 469 3566 statt
486 3516 547 3564 nter
564 3511 601 3563 ist
618 3507 647 3560 in
665 3508 712 3560 der
730 3504 907 3559 mittelalterl.
920 3504 1053 3557 latinitat
1070 3499 1247 3556 bekanntlich
1265 3499 1330 3552 sehr

187 3581 300 3721 hallfilgl]
320 3652 407 3715 Isia,
432 3669 469 3704 or.
489 3651 508 3713 Ι,
528 3649 568 3712 39,
589 3648 617 3700 l:
642 3645 775 3714 (fabulas)
796 3642 1057 3711 premonstratae
1075 3640 1197 3695 traditur
1215 3640 1331 3693 Alootou

187 3721 385 3785 Grotorriensis;
405 3721 460 3787 vgl.
479 3721 558 3785 Hugo
579 3717 611 3769 de
631 3715 657 3768 S.
676 3714 794 3774 Victore,
813 3712 906 3778 Migne
926 3712 982 3775 176,
1002 3711 1060 3764 767,

257 3791 300 3860 21]
320 3790 500 3856 ungiinstiger
522 3785 615 3840 urteilt
633 3784 698 3836 liber
716 3781 806 3834 Avian
825 3781 905 3848 Hugo
924 3798 978 3833 von
996 3779 1150 3846 Trimberg,
1175 3778 1207 3831 V.
1227 3779 1277 3832 706
1296 3779 1329 3840 f.;

183 3859 238 3919 '718
256 3861 287 3971 il
297 3929 404 3996 utrique
422 3925 533 3997 praest]
557 3941 578 3977 s.
602 3925 685 3974 unten
714 3920 740 3972 Z.
764 3920 797 3971 23
823 3916 999 3986 ‘generationi
1023 3916 1241 3978 inconstantior’;
1270 3915 1329 3968 also

187 3998 238 4051 wie
256 4016 286 4051 es
305 3999 342 4050 im
361 3995 521 4050 Mittelaltor
539 4009 621 4059 gerne
639 3988 789 4056 gesohieht,
810 3989 858 4041 der
874 3988 937 4041 Dat.
957 3988 1027 4039 statt
1045 3987 1093 4040 das
1111 3985 1173 4038 Abl.

259 4067 301 4135 ²⁶]
321 4083 343 4119 s,
362 4065 459 4127 Anien,
478 4066 551 4116 erste
569 4059 651 4114 Fabel
670 4058 702 4111 V.
723 4058 769 4120 16;
796 4056 959 4135 luvektiven
978 4072 1065 4122 gagen
1084 4056 1127 4134 die
1144 4054 1264 4133 Weiber
1274 4053 1328 4105 und

187 4136 294 4203 Klagen
312 4136 377 4188 iiber
396 4135 445 4186 das
463 4133 544 4185 ihnan
563 4126 789 4194 augeschriebene
808 4124 991 4179 mensohhohe
1004 4123 1091 4178 Elend
1103 4124 1164 4177 smol
1177 4140 1214 4175 nn
1227 4120 1329 4175 Mrttel-

188 4205 258 4259 alter
276 4205 320 4257 ein
338 4202 468 4257 beliebtes
486 4200 597 4253 Thema.
