3074 4854
707 194 1035 273 ⁴-4s--·

254 391 285 444 et
313 383 437 445 subtilis
465 384 630 462 indagator
660 385 806 445 ecclesiae
836 384 1028 464 primitivae,
1055 405 1115 446 uno
1150 385 1315 464 eodemque
1350 385 1400 448 die

254 473 358 532 ambos
382 472 529 550 martyrio
553 477 715 532 coronatos
739 473 794 531 sub
817 471 945 534 Nerone.
1006 464 1012 476 ⁶

140 585 243 629 niettou
340 575 379 634 l).
404 570 503 635 Miror
526 574 605 652 quod
629 571 814 658 auctorliste
843 574 892 635 vel
914 574 1114 647 Prudentius,
1143 576 1196 654 qui
1219 582 1251 636 et
1274 576 1329 637 hoc
1353 576 1400 636 ita

253 661 369 723 factum
396 681 460 721 esse
483 662 609 739 putavit
636 669 667 722 et
689 662 814 740 scriptis
841 663 987 738 firmavit,
1012 663 1069 723 hac
1093 667 1234 740 poterant
1256 663 1400 741 opinione

231 748 364 818 bdeludi,
386 768 453 808 cum
476 755 604 826 uterque
626 749 780 826 potuisset
802 748 834 808 in
858 769 892 810 eo
915 751 996 821 loco,
1019 751 1072 809 nbi
1095 749 1236 810 martirio
1260 751 1400 810 coronati

252 840 332 908 sunt,
354 836 469 896 Romae
492 833 620 914 scilicet,
645 835 871 915 cognoscendae
893 835 1022 896 veritati
1044 836 1191 914 perfacile
1213 836 1366 897 inclinari.

339 940 381 999 Μ.
404 939 440 999 In
457 938 596 999 humanis
611 940 731 1001 actibus
747 939 844 1000 multa
859 940 945 1013 fiunt,
962 961 1039 1017 quae
1055 946 1223 1018 temporum
1244 946 1400 1002 vetustate

253 1031 307 1085 aut
330 1026 469 1086 delentur
491 1047 510 1086 a
530 1027 679 1089 memoria
708 1026 932 1087 succedentium
956 1028 1190 1103 generationum
1219 1032 1273 1088 aut
1297 1029 1399 1088 obscu-

252 1119 370 1186 rantur,
386 1119 417 1173 et
432 1114 599 1174 seculorum
619 1113 789 1175 mutatione
807 1113 996 1192 temporibus
1013 1114 1240 1176 alternantibus
1255 1114 1400 1177 veritatis

217 1211 244 1253 10
253 1199 325 1260 fides
349 1199 471 1260 tollitur
505 1205 536 1260 et
565 1199 646 1261 facta
670 1205 837 1278 'saguntum
865 1221 928 1263 non
951 1207 997 1261 est
1020 1220 1093 1279 ergo
1117 1201 1239 1275 mirum,
1267 1202 1294 1261 si
1317 1201 1399 1261 tanti

253 1286 419 1364 scriptores
435 1286 559 1365 scriptis
575 1287 637 1347 suis
656 1287 829 1365 opinionem
843 1288 999 1365 vulgarem
1016 1287 1114 1348 secuti
1125 1293 1203 1361 sunt,
1223 1308 1288 1348 cum
1305 1307 1399 1366 usque

254 1372 343 1434 hodic
359 1373 464 1447 multa,
484 1393 560 1452 quae
573 1393 734 1451 numquam
751 1394 826 1434 vera
840 1374 972 1446 fuerunt,
984 1374 1068 1435 cordi
1088 1395 1142 1435 suo
1155 1395 1239 1435 error
1251 1375 1400 1435 humanus

253 1465 284 1520 et
306 1459 424 1521 invitus
448 1460 607 1533 admittat,
635 1460 802 1521 verissimis
831 1460 919 1521 fidem
942 1461 996 1520 vix
1019 1461 1173 1523 adhibeat.
1217 1462 1279 1522 Nec
1302 1481 1401 1539 parva

253 1546 325 1606 talis
339 1546 511 1624 temptatio,
535 1547 588 1608 ubi
609 1547 692 1608 cordi
712 1553 816 1608 nostro
833 1549 897 1608 fere
919 1547 1018 1608 latent
1034 1548 1144 1621 omnia,
1168 1569 1293 1626 quorum
1312 1548 1400 1608 nulla

218 1644 244 1686 15
254 1633 336 1694 visus
354 1633 493 1693 admittit
510 1633 632 1695 iudicia.
661 1635 769 1695 Nonne
792 1640 825 1693 et
840 1655 903 1695 mos
925 1634 1145 1712 scripturarum
1169 1641 1216 1695 est
1238 1635 1399 1696 secundum

254 1720 341 1798 vulgi
363 1721 536 1799 opinionem
559 1720 725 1799 aliquando
748 1728 852 1782 texere
875 1720 1023 1782 orationis
1046 1722 1174 1783 seriem?
1203 1722 1240 1782 de
1262 1721 1398 1783 Ioachim

254 1807 400 1880 adtende,
431 1807 483 1886 qui
513 1814 544 1868 et
566 1807 680 1868 dicitur
707 1807 854 1869 dormisse
885 1829 951 1868 cum
981 1809 1122 1885 patribus
1145 1808 1208 1869 suis
1231 1815 1262 1869 et
1284 1809 1401 1870 occisus

254 1894 356 1956 fuisse.

340 1981 379 2041 D.
403 1982 537 2041 Putasne
552 1980 717 2042 veniabilis
738 2001 778 2041 an
796 1981 985 2060 periculosus
1006 2001 1089 2043 error
1104 1981 1171 2054 iste,
1194 1982 1247 2042 ubi
1267 1981 1401 2060 scriptor
1506 2004 1510 2009 “

218 2068 371 2128 anemius
394 2067 534 2145 sequitur
556 2068 711 2129 hominum
735 2069 918 2146 opinionem,
943 2089 1003 2130 non
1027 2068 1098 2130 fidei
1121 2068 1308 2129 veritatem?

339 2173 381 2234 Μ.
405 2171 473 2233 Non
492 2192 586 2250 grave
601 2171 763 2233 discrimen
786 2172 818 2232 in
835 2172 1008 2234 huiusmodi
1023 2172 1192 2246 erroribus3
1215 2172 1257 2232 sit
1279 2177 1399 2233 tantum

254 2257 291 2318 ad
329 2266 495 2344 creatorem
533 2259 632 2319 iustus
662 2259 782 2320 animus
805 2265 837 2320 et
868 2265 972 2320 rectae
1002 2259 1073 2319 fidei
1100 2259 1214 2338 gradus
1244 2259 1399 2325 immotus,

253 2346 349 2407 Porro
384 2345 420 2406 de
454 2366 547 2407 causa
581 2347 666 2407 finali
693 2347 770 2406 satis
801 2346 938 2425 superius
960 2345 1077 2406 dictum
1101 2350 1154 2410 est..
1200 2345 1276 2406 Fuit
1299 2352 1400 2407 autem

253 2433 440 2494 auctoriate
463 2433 652 2510 temporibus
673 2433 848 2496 Cassiodori
871 2433 933 2493 viri
965 2453 1019 2510 per
1041 2432 1144 2494 omnia
1165 2432 1290 2512 iugenio
1313 2454 1400 2512 prae·

218 2527 244 2569 25
253 2519 418 2585 clarissimi
434 2525 466 2580 et
481 2520 634 2581 Prisciani
649 2520 844 2598 grammatici
861 2520 961 2597 quiet
982 2519 1094 2581 librum
1118 2540 1201 2581 suum
1220 2520 1341 2582 Iuliano
1364 2521 1402 2580 de

252 2612 318 2666 arte
342 2607 543 2685 grammatica
573 2608 605 2667 in
629 2606 900 2685 Constantinopoli
929 2606 1055 2685 optulit.
1077 2605 1173 2670 Porro
1197 2607 1261 2686 ipse
1284 2607 1402 2668 Arator
1496 2610 1504 2619 ‘

251 2692 365 2754 librum
396 2714 482 2755 suum
506 2694 627 2773 publice
661 2714 762 2755 coram
786 2694 906 2772 Vigilio
937 2714 1018 2772 papa
1040 2694 1128 2772 legit.
1172 2693 1402 2774 Consequenter

322 2896 364 2966 26]
384 2895 629 2964 constantinopoli
649 2896 692 2965 (=
710 2894 768 2964 im).

340 3086 365 3155 3]
384 3086 619 3148 Prudentius,
638 3084 784 3156 peristeph.
803 3084 863 3148 XII,
882 3085 898 3136 5
916 3084 934 3136 f.
954 3083 995 3138 ed.
1015 3083 1140 3138 Dressel:
1169 3088 1402 3151 accusabantque

251 3156 319 3222 dies,
334 3161 415 3242 pleno
433 3161 522 3209 taurea
540 3156 686 3208 innuuntur
703 3153 874 3235 orrnofpidr't
891 3153 1009 3233 superba
1027 3159 1117 3251 morte¹
1127 3154 1286 3256 laureatam.

250 3222 1400 3364 11.pltlldfftatttlttllttttlltbtttbtltltttfltalttttl

250 3363 699 3503 {ligiril'lissfiiffmg'pml
718 3360 984 3431 Realencyklopttdie
1003 3361 1021 3414 f.
1040 3364 1110 3430 prot.
1124 3360 1216 3414 Theol.
1229 3360 1281 3414 VH
1299 3359 1399 3430 (1880),

211 3632 213 3636 ¹
295 3640 300 3650 Ι
321 3501 787 3650 liiiriisdirbdpidi.Zblleilib.5steht
805 3571 852 3650 der
870 3570 1017 3650 bbschnitt
1034 3572 1100 3624 tiber
1112 3573 1213 3651 strator
1234 3569 1397 3624 mitteninne

251 3640 386 3694 zwmchen
412 3641 463 3693 den
488 3640 536 3692 auf
553 3640 698 3693 anslodor
720 3640 776 3692 und
793 3640 917 3693 Prisclan
944 3641 1049 3708 bezdgl.
1068 3641 1203 3694 Artikeln.
1242 3640 1330 3693 Schon
1350 3641 1398 3693 der

251 3711 338 3763 Anon.
364 3709 438 3762 Mell.
464 3708 612 3776 verteidigt
636 3709 687 3762 den
711 3709 833 3762 Priscian
857 3726 946 3776 gegen
971 3710 1024 3763 den
1047 3710 1177 3763 Vorwurf
1202 3710 1250 3763 der
1272 3709 1395 3772 Haresie,

251 3780 303 3832 den
321 3777 371 3831 wir
388 3777 528 3847 spaterhin
552 3778 594 3830 bei
612 3779 692 3845 Hugo
716 3796 770 3831 von
789 3778 945 3844 Trimberg,
963 3779 996 3832 V.
1017 3779 1067 3832 178
1084 3780 1126 3842 ff.‚
1153 3783 1233 3832 unter
1256 3778 1398 3842 Berufung

251 3849 301 3901 auf
317 3847 422 3900 Alanus
441 3848 474 3900 ab
492 3847 593 3900 insulis
612 3849 646 3916 [a.
665 3847 747 3912 Leist,
768 3847 955 3901 Seehausener
972 3847 1067 3915 Progr.
1082 3848 1157 3912 1881,
1175 3866 1225 3901 nro
1236 3847 1294 3910 214,
1312 3847 1393 3916 pti]

251 3936 285 3970 zu
303 3917 425 3995 starkem
437 3916 589 3996 'Ausdruck
606 3917 735 3970 kommen
753 3916 844 3970 seben.
880 3917 991 3969 Konrad
1011 3917 1117 3970 enthblt
1135 3917 1193 3971 sicli
1212 3917 1259 3970 der
1268 3913 1394 3968 Ausfitlle

251 3985 1081 4135 gegepssfrpslclippl,{pplpucllp:opraStopSssOffStmodm
1104 4053 1175 4108 clero
1199 4058 1224 4105 et
1247 4051 1349 4120 populo
1373 4053 1399 4103 et

251 4124 414 4246 ‹Sipolspplippe
416 4124 530 4245 1publecc
553 4125 625 4192 tepet.
661 4123 724 4191 Vgl.
749 4124 798 4177 Th.
823 4126 895 4190 Birt,
921 4125 969 4178 das
995 4124 1087 4177 antrke
1112 4121 1294 4187 Buchwesen,
1321 4120 1397 4183 1882,
