3074 4854
708 206 920 261 ..20-

330 374 373 432 Μ.
396 373 505 433 Melior
527 376 573 433 est
595 372 699 451 itaque
716 372 801 451 quies
824 373 856 432 in
880 371 1004 432 silentio
1030 392 1118 450 qnam
1141 372 1241 432 aliena
1263 371 1299 431 de
1324 376 1387 432 stn-

244 459 304 520 diis
327 460 442 520 nostris
466 459 603 524 offensio

330 546 369 606 Ι).
410 546 515 609 Niobil
542 544 715 606 huiusmodi
748 545 896 616 verearis;
931 549 1041 606 fascem
1070 544 1148 605 enim
1175 546 1293 608 viribus
1322 546 1386 607 tuis

244 633 396 711 imponam
421 635 463 694 sic
487 631 684 710 aequabilem,
708 637 742 691 nt
765 652 825 693 non
841 631 967 693 multam
990 631 1117 704 laudem,
1137 633 1164 693 si
1179 634 1308 706 steteris,
1332 653 1386 694 nec

219 722 371 781 smultam
395 720 604 781 confusionem
627 719 776 794 incurras,
800 719 826 778 si
849 718 956 783 rueris

330 809 373 866 Μ.
396 807 461 867 Hac
476 806 651 868 conditione
667 805 765 866 solida
781 825 856 866 onus
873 805 1014 883 suscipio,
1031 805 1110 882 quod
1125 806 1317 884 imposueris,
1335 806 1387 867 ubi

243 895 271 954 si
289 914 408 972 quoquo
424 893 511 955 modo
523 913 697 971 processero
709 913 787 952 vana
804 893 903 970 gloria
914 913 974 953 non
988 896 1116 967 effluam,
1134 893 1162 953 si
1173 914 1258 954 secus
1272 913 1388 954 merear

242 981 475 1059 indulgentiam.
499 980 633 1058 Require
649 979 748 1057 igitur
762 979 794 1038 in
812 981 867 1040 boc
885 979 968 1040 bivio
986 979 1065 1056 qnod
1077 979 1218 1052 volneris,
1235 981 1290 1042 ubi
1305 981 1387 1041 latus

242 1073 403 1146 utrumque
425 1066 492 1146 tegi
513 1073 617 1145 potest
635 1067 717 1127 inter
731 1086 863 1127 amorem
878 1073 909 1126 et
925 1065 1026 1126 odium
1044 1066 1198 1128 velamini
1214 1069 1263 1129 vel
1279 1067 1386 1129 hostis.

208 1165 235 1207 10
330 1154 369 1213 Ι).
394 1155 548 1215 Secularis
567 1153 747 1232 disciplinae
764 1173 899 1231 congrua
915 1173 998 1212 meae
1010 1152 1154 1213 tarditati
1171 1154 1243 1214 dare
1260 1174 1388 1235 spopon-

244 1241 333 1302 deras
347 1240 419 1300 olim
429 1241 611 1316 rudimenta,
628 1240 737 1318 quibus
751 1261 769 1301 a
782 1240 950 1300 minoribus
962 1239 1141 1319 quibusdam
1151 1241 1327 1303 auctoribus
1340 1242 1388 1301 in·

245 1328 375 1406 ciperem
400 1333 430 1388 et
453 1348 508 1406 per
531 1328 585 1389 hos
609 1327 648 1387 ad
671 1327 802 1388 maiores
825 1326 1014 1404 pervenirem
1039 1333 1069 1387 et
1092 1327 1204 1405 gradus
1229 1334 1386 1389 auctorum

244 1415 423 1475 inferiorum
454 1414 571 1475 occasio
602 1414 678 1474 mibi
707 1415 815 1474 fierent
846 1415 878 1472 in
901 1412 1043 1475 discendo
1066 1413 1265 1492 superiorum.
1313 1415 1387 1476 Cum

245 1502 325 1562 enim
349 1501 482 1561 minimis
513 1501 662 1562 minorum
689 1506 846 1561 auctorum
875 1500 1037 1560 sententiis
1062 1507 1192 1562 mentem
1215 1507 1384 1563 averterem

209 1595 276 1650 lbet
297 1590 330 1649 in
353 1588 518 1649 maioribus
542 1589 608 1649 ocia
631 1594 767 1656 tererem,
798 1587 917 1648 solebas
941 1587 1112 1649 studentem
1131 1588 1208 1648 iocis
1231 1589 1389 1666 exagitare

246 1675 333 1755 quasi
356 1697 402 1737 me
424 1676 507 1735 inter
529 1675 682 1736 condensa
704 1674 851 1734 silvarum
875 1674 935 1734 iter
957 1680 1073 1735 rectum
1093 1680 1255 1754 utcumque
1271 1696 1388 1737 conser-

244 1766 383 1839 vantem,
417 1762 449 1821 in
473 1762 573 1839 aperti
596 1761 697 1840 campi
724 1761 857 1839 planicie
891 1761 1024 1840 turpiter
1053 1761 1236 1836 deviantem,
1266 1763 1321 1824 hoc
1341 1771 1388 1824 est

245 1850 278 1909 in
309 1849 446 1927 graviori
476 1848 625 1909 nobilium
659 1855 817 1909 auctorum
846 1867 935 1909 sensu
965 1860 1128 1927 utcumque
1156 1854 1328 1925 reptantem
1357 1858 1389 1911 et

244 1937 278 1998 in
300 1936 468 1996 minoribns
496 1935 695 1996 deficientem.
742 1935 875 1995 Dicebas
904 1956 976 2013 ergo
1000 1937 1091 1996 venia
1113 1936 1273 2015 indignam
1297 1938 1388 1998 offen·

210 2024 359 2085 ostonem
387 2022 420 2083 in
448 2022 598 2095 minimiS,
622 2023 695 2082 licet
718 2025 845 2100 quisque
872 2022 914 2082 sit
937 2022 1097 2099 expeditus
1128 2024 1160 2082 in
1189 2024 1326 2102 magnis,
1358 2031 1388 2085 et

246 2110 390 2189 quicquid
414 2109 560 2170 maiorum
590 2118 746 2170 auctorum
771 2111 922 2170 conferret
945 2110 1088 2182 scientia,
1112 2111 1260 2170 minorum
1285 2113 1388 2172 obscu-

245 2204 330 2257 raret
351 2196 551 2274 negligentia.

332 2286 375 2343 Μ.
398 2281 479 2355 Quid
503 2283 601 2360 igitur
623 2282 655 2341 in
678 2281 727 2341 his
751 2282 909 2342 dicendum
932 2281 1114 2360 ambagibus
1137 2283 1261 2342 censes?
1306 2281 1387 2355 Quid

245 2369 295 2433 vel
318 2371 354 2431 de
377 2370 486 2449 quibus
510 2368 704 2447 interrogas?

210 2465 236 2507 25
333 2457 371 2516 Ι).
395 2456 575 2517 Summatim
605 2464 636 2516 et
658 2455 786 2534 quodam
814 2453 967 2514 breviario
995 2473 1103 2532 precor
1132 2454 1281 2533 explicari
1305 2475 1323 2514 a
1346 2460 1387 2529 te,

247 2544 319 2622 qnid
342 2545 374 2603 in
403 2544 534 2622 singulis
559 2545 733 2604 auctoribus
760 2541 940 2614 scolasticis,
961 2540 1070 2617 quibus
1093 2540 1189 2600 imbui
1216 2541 1389 2601 floribunda

246 2631 476 2708 tyrunculorum
500 2632 600 2691 solent
622 2629 761 2707 ingenia,
788 2627 1001 2708 requirendum
1024 2627 1067 2687 sit
1089 2626 1170 2687 idest
1193 2627 1260 2704 quis
1283 2634 1389 2689 auctor

246 2718 305 2790 sit,
332 2717 418 2796 quid,
451 2723 611 2795 quantum,
642 2715 760 2795 quando
785 2716 834 2774 vel
858 2714 1005 2793 quomodo
1036 2714 1116 2774 idest
1139 2720 1240 2774 utrum
1263 2715 1387 2775 metrice

246 2805 296 2865 vel
320 2805 458 2882 prosaice
480 2804 650 2882 scripserit,
682 2823 740 2880 qna
770 2803 863 2863 etiam
886 2801 1014 2861 materia
1040 2802 1088 2861 vel
1117 2800 1288 2862 intentione
1312 2821 1386 2880 opus

210 2891 392 2969 80cuiusque
414 2891 571 2952 exordium
601 2889 780 2966 sumpserit,
810 2889 849 2949 ad
873 2910 959 2966 quern
983 2890 1071 2948 finem
1094 2888 1163 2966 ipsa
1185 2889 1386 2966 scriptionum

247 2978 342 3038 series
365 2979 463 3038 relata
486 2979 537 3038 sit.
572 2976 693 3050 Quaero
717 2977 809 3036 etiarn
833 2975 870 3035 de
893 2976 1007 3054 pagina
1029 2973 1173 3046 liminari,
1197 2975 1270 3052 quid
1293 2975 1387 3035 distet

247 3065 328 3124 inter
351 3065 475 3125 titulum
499 3073 530 3124 et
553 3063 775 3142 praefacionem
806 3071 835 3124 et
858 3063 1024 3141 proemium
1049 3068 1080 3122 et
1101 3061 1275 3139 prologum,
1307 3061 1388 3123 inter

247 3159 367 3229 poetam
403 3159 432 3211 et
471 3149 749 3230 historiographum
782 3157 813 3211 et
835 3149 1068 3221 sermonarium,
1103 3149 1183 3208 inter
1213 3148 1326 3225 poesim
1356 3155 1388 3210 et

247 3259 361 3316 poema,
383 3238 465 3298 inter
482 3239 727 3317 explanationem
748 3242 779 3298 et
801 3237 1023 3315 expositionem
1044 3243 1075 3296 et
1090 3235 1388 3296 lucubratiunculam

211 3330 279 3385 3bet
305 3326 554 3398 translationem,
587 3328 667 3386 inter
695 3323 888 3404 allegoriam,
920 3323 1122 3401 tropologiam
1154 3327 1184 3380 et
1211 3343 1387 3401 anagogem

248 3412 320 3488 quid
349 3413 391 3472 sit
417 3413 511 3486 liber,
540 3412 612 3491 quid
643 3432 749 3490 prosa,
783 3410 855 3489 qnid
883 3407 1033 3483 rihtmns,
1065 3407 1138 3487 quid
1164 3409 1280 3478 fabula,
1312 3430 1388 3487 quae

254 3535 565 3545 -—..—-.-..-—-——

337 3584 475 3654 crescam]
494 3585 538 3637 fas
556 3589 592 3638 'ee
610 3585 654 3653 (=
665 3583 738 3649 esse)
756 3581 867 3635 uiribus.

321 3657 348 3694 11
370 3653 542 3722 quibusdam]
562 3652 660 3722 quibus
679 3659 704 3704 'e'
722 3653 766 3720 (=
779 3651 846 3718 est);
866 3683 899 3689 —
918 3650 982 3703 oder
1000 3649 1050 3703 lies
1072 3647 1217 3716 ‘quidem’?

322 3722 395 3843 lssf'i,
411 3727 619 3776 conservantem
638 3722 690 3774 hoc
708 3720 797 3774 estin
815 3719 909 3789 aperti.

320 3795 377 3844 210
397 3793 530 3861 sacraret]
550 3809 615 3845 man
632 3791 762 3844 erwartet
780 3789 832 3842 den
850 3787 926 3841 Infin.
946 3789 979 3856 (c.
999 3786 1075 3854 Aac.)

249 3880 454 3891 -n-———
507 3886 532 3889 rr„

338 3920 348 3954 1
383 3886 504 3966 silentio
509 3886 681 3975 ——offensio
700 3908 913 3976 beabsichtigter
931 3908 1030 3961 Reim?
1048 3907 1103 3974 vgl.
1122 3908 1149 3960 Z.
1168 3907 1200 3959 21
1220 3906 1238 3959 f.

322 3987 351 4024 15
385 3981 451 4035 ‘ocia
469 3982 566 4035 terere’
603 3981 693 4046 Verg,
713 3981 780 4032 Aen.
792 3979 816 4043 4,
831 3978 892 4046 271)
915 3977 1031 4031 braucht
1049 3977 1160 4030 Kourad
1178 3974 1248 4027 euch
1261 3973 1299 4026 im
1312 3971 1389 4041 Sper.

252 4052 324 4119 Virg.
344 4051 385 4104 Bl.
405 4051 464 4108 312⁸.
485 4052 517 4120 (s.
537 4068 572 4103 m.
591 3982 748 4116 liinleitung
767 4049 793 4102 S.
813 4049 829 4100 6
847 4047 886 4115 ff.)
1199 4113 1204 4124 ⁸
1228 4113 1232 4122 Ι

321 4120 363 4189 16]
381 4115 552 4187 vgl‘Hugo
571 4119 609 4172 de
628 4117 654 4172 S.
673 4118 827 4181 Victore,
847 4117 940 4183 Migne
960 4115 1016 4180 176,
1037 4115 1098 4168 793:
1124 4129 1203 4181 quasa
1221 4128 1250 4164 en
1276 4111 1388 4166 conden-

249 4192 330 4244 sitate
348 4189 434 4242 saltus
452 4190 580 4242 oberrans
599 4188 731 4241 tramitem
748 4187 816 4240 recti
833 4185 943 4239 itineris
958 4184 1090 4254 perdidit.
