3074 4854
705 244 913 296 ...52-

231 410 292 471 alio
317 411 395 470 libro
420 409 565 469 Catonem
590 409 760 471 introducit
789 410 825 470 de
849 415 1005 470 senectute
1035 410 1224 488 loquentem,
1258 413 1377 472 Lelinm

231 518 303 559 vero
334 508 364 557 et
394 495 566 574 Scipionem
595 517 612 555 a
636 502 751 559 Catone
774 497 994 574 interrogatos
1028 499 1071 558 sie
1100 506 1130 558 et
1153 500 1185 559 in
1209 501 1264 559 hoc
1289 521 1377 578 opere

231 582 405 644 introducit
416 584 600 658 <Lelium>
618 585 653 644 de
673 584 815 644 amicicia
833 584 1048 661 disputantem,
1066 585 1142 645 duos
1159 605 1230 647 vero
1248 606 1376 664 generos

232 671 329 749 ipsius
353 670 505 730 Fannium
532 675 562 728 et
586 669 744 732 Soevolam
768 672 1007 748 interrogantes.
1054 672 1132 733 Huic
1167 674 1261 732 etiam
1293 674 1377 751 operi

208 759 392 836 oprologum
415 757 566 834 praefigit,
590 758 621 818 in
646 779 704 836 quo
728 758 810 818 sicut
833 758 888 818 alii
905 764 1013 834 poetae
1037 777 1112 837 opus
1129 781 1214 820 suum
1230 779 1378 820 commen-

231 846 303 905 dare
327 844 447 905 Tullius
471 844 616 909 intendit.
662 845 767 905 Omnis
800 845 880 904 enim
911 845 1054 922 prologus
1078 851 1132 906 aut
1161 847 1378 907 commendati-

230 933 295 992 eius
312 938 359 992 est
376 938 430 991 aut
442 931 663 1009 apollogeticus
687 938 741 991 aut
760 953 797 992 ex
815 937 943 1008 utroque
966 939 1159 1009 temperatus,
1193 934 1255 993 Ubi
1281 934 1379 1012 igitur

231 1039 262 1080 se
285 1037 411 1096 magnos
441 1023 472 1077 et
498 1021 649 1096 sapientes
674 1019 757 1078 viros
782 1019 830 1078 vel
854 1019 1019 1096 magistros
1043 1021 1092 1078 vel
1116 1020 1212 1081 socios
1237 1021 1377 1098 habuisse

231 1106 362 1176 fatetur,
396 1125 471 1182 opus
494 1125 579 1164 suum
603 1105 791 1165 autenticum
815 1106 939 1165 reddere
962 1107 1118 1184 probatur.
1161 1106 1253 1168 Licet
1276 1113 1376 1167 autem

196 1192 268 1253 rode
295 1193 361 1253 sola
389 1191 530 1252 amicicia
556 1198 691 1251 tractare
720 1192 864 1252 videatur
886 1194 919 1252 in
951 1193 1006 1252 hoo
1035 1192 1130 1268 libro,
1159 1193 1195 1252 de
1228 1194 1377 1254 servanda

231 1287 332 1339 tamen
356 1280 503 1339 castitate
525 1286 554 1338 et
579 1279 745 1357 pudicicia,
780 1280 816 1339 de
839 1279 965 1340 colenda
990 1300 1104 1339 morum
1129 1281 1288 1340 honestate
1312 1281 1377 1342 sine

230 1367 352 1427 fictione
369 1365 617 1426 dolosamultum
640 1365 789 1443 invigilat
811 1366 876 1426 eius
895 1367 1085 1439 exhortatio3
1109 1368 1182 1428 haec
1206 1373 1307 1428 autem
1330 1390 1378 1427 ex·

231 1452 367 1514 hortatio
389 1453 439 1513 vel
462 1453 564 1530 potius
587 1455 743 1531 persuasio
767 1459 898 1530 quatuor
921 1456 956 1512 fit
977 1453 1086 1518 modis.

318 1540 357 1599 D.
383 1538 522 1612 Quibus?

195 1645 221 1686 15
317 1627 360 1686 Μ.
383 1628 432 1686 Ab
455 1626 535 1700 utili,
559 1628 596 1686 ab
621 1627 758 1696 honesto,
780 1646 798 1684 a
821 1624 971 1704 possibili,
995 1646 1012 1684 a
1036 1626 1216 1690 necessarie.

317 1713 356 1772 Ι).
379 1713 424 1772 Ne
447 1714 610 1792 cuncteris,
634 1715 768 1788 obsecro,
793 1718 923 1789 quatuor
946 1712 1008 1772 ista
1032 1714 1193 1773 resolvere.

316 1801 359 1859 Μ.
383 1800 438 1859 Fit
460 1803 498 1859 ab
522 1800 594 1860 utili
618 1800 775 1877 persuasio
793 1801 849 1860 boc
865 1798 970 1859 modo:
993 1799 1020 1859 si
1036 1799 1207 1872 vicerimus
1231 1806 1378 1878 perpetuo

119 1885 263 1946 ntanacin
291 1906 366 1964 pace
393 1886 518 1958 erimus;
552 1889 589 1947 ab
615 1884 825 1970 honestolsic:
850 1887 876 1945 si
899 1886 1077 1962 vicerimuS,
1106 1907 1267 1962 perennem
1290 1888 1378 1947 nobis

230 1974 343 2032 famam
366 1978 398 2033 et
431 1974 561 2051 gloriam
592 1975 758 2051 pariemus;
795 1973 977 2052 apossibili
1005 1974 1061 2033 sie:
1096 1994 1289 2034 occurramus
1324 1974 1376 2049 eis,

194 2061 319 2138 aopauci
332 2068 402 2120 sunt
415 2068 446 2120 et
464 2060 531 2121 ideo
551 2061 727 2132 vincibiles;
751 2081 769 2119 a
787 2060 972 2121 necessario:
995 2061 1056 2120 nisi
1073 2061 1246 2141 vicerimus
1271 2061 1377 2120 morie·

229 2168 305 2210 mur.
350 2149 394 2208 Et
417 2148 490 2207 baec
514 2153 644 2225 quatuor
667 2169 755 2225 quam
780 2148 912 2208 celebria
936 2148 1055 2207 sintin
1078 2149 1238 2227 scripturis
1262 2147 1377 2208 divinis

231 2235 302 2311 quid
325 2235 440 2294 attinet
462 2234 578 2312 dicere,
603 2256 669 2295 cum
697 2234 794 2296 omnis
818 2235 884 2296 vita
916 2241 1020 2296 nostra
1043 2235 1074 2293 in
1098 2237 1153 2295 hoe
1176 2235 1321 2312 pendeat,
1344 2240 1379 2294 ut

230 2321 393 2381 victoriam
416 2328 552 2382 nostram
575 2341 636 2400 pax
658 2329 742 2382 certa
765 2327 910 2398 sequatur
933 2329 965 2382 et
987 2321 1093 2399 gloria,
1118 2327 1156 2394 et,
1179 2322 1251 2400 quia
1273 2322 1377 2399 plures

230 2414 303 2468 sunt
333 2408 491 2468 nobiscum
528 2429 601 2485 quos
634 2409 778 2469 habemus
807 2409 922 2469 auxilio
958 2429 1047 2485 quam
1078 2427 1153 2485 quos
1177 2429 1213 2468 ex
1237 2407 1376 2483 adverso,

196 2495 372 2572 rapaucitas
385 2515 486 2556 eorum
500 2495 577 2555 facit
588 2495 758 2570 vincibiles,
775 2517 830 2556 nos
843 2516 914 2556 vero
929 2501 1103 2556 nostrorum
1116 2497 1207 2556 turba
1217 2515 1378 2557 numerosa

232 2581 384 2654 victores3
419 2582 470 2641 sed
502 2583 581 2659 quod
609 2582 713 2642 inhia
747 2584 909 2642 maximum
938 2587 999 2650 est,
1028 2603 1064 2642 ne
1096 2583 1277 2656 moriamur,
1310 2603 1376 2642 num

230 2669 337 2728 mortis
361 2669 500 2746 principe
523 2669 718 2747 pugnandum
742 2679 796 2731 est.
826 2672 869 2730 Et
887 2671 943 2730 hoc
960 2670 1037 2729 scire
1051 2669 1149 2743 debeS,
1175 2669 1254 2748 quod
1276 2670 1376 2730 tribus

231 2755 327 2816 modis
351 2757 388 2815 fit
410 2755 594 2821 intitulatio.

317 2842 356 2902 Ι).
380 2841 561 2915 Quomodo?

196 2945 223 2988 ao
317 2930 360 2987 M.
384 2931 432 2988 Ex
445 2929 564 2989 nomine
579 2930 722 3002 auctoris,
745 2935 795 2992 ut:
819 2928 929 3004 incipit
944 2929 1093 3000 Lucanus
1111 2928 1222 3005 incipit
1237 2927 1376 3002 Boetius;

319 3064 344 3132 1]
364 3065 406 3117 die
424 3065 472 3118 Hs
498 3065 547 3118 hat
569 3065 748 3131 irrigerweise
773 3065 911 3118 ‘Catonem
935 3063 1082 3116 introducit
1106 3062 1239 3115 Lelinm
1266 3063 1297 3115 de
1320 3079 1376 3115 sen.

231 3131 297 3200 loq.,
323 3133 379 3186 Lel.
398 3152 424 3186 v.
444 3153 465 3186 e.
487 3134 551 3198 Sa’,
577 3152 708 3201 wogegen
733 3136 772 3187 sie
791 3134 852 3187 Z.3
878 3132 1013 3185 zwischen
1040 3132 1075 3184 ‘in
1092 3132 1144 3184 hoo
1163 3150 1203 3201 op.
1222 3131 1376 3184 introducit'

231 3202 286 3253 und
311 3202 351 3254 ‘de
379 3202 464 3260 amic!
491 3203 549 3255 eine
567 3203 658 3255 Liieke
683 3204 764 3266 lasst3
796 3204 843 3256 der
861 3202 957 3255 Fehler
981 3202 1018 3255 ist
1036 3201 1108 3254 wohl
1131 3200 1215 3253 durch
1233 3201 1377 3254 Hombote-

231 3269 324 3323 leuton
343 3272 390 3323 der
407 3272 525 3338 Vorlage
545 3272 713 3340 (introducit)
732 3271 943 3338 lrerbeigeftthrt.

319 3340 344 3408 4]
364 3341 484 3393 fannium
504 3341 540 3393 ist
559 3358 608 3394 aus
626 3342 752 3394 fatinium
771 3341 922 3407 korrigiert.

231 3409 344 3530 Stessggp
362 3409 553 3532 {iplsiegpciat'l
590 3410 806 3463 Modusweehsel
831 3411 868 3463 ist
889 3408 988 3479 jedoch
1005 3408 1048 3460 bei
1067 3406 1244 3460 mittelalterl.
1264 3406 1377 3459 Schrift-

249 3567 561 3578 ————-—-.—.

320 3605 330 3642 t
364 3618 385 3652 s
405 3601 473 3654 oben
493 3621 527 3654 zu
546 3603 579 3655 24
605 3603 630 3655 4.

302 3673 331 3710 15
365 3645 656 3736 Quintilianfinst.
676 3690 713 3724 or.
733 3672 778 3734 lll,
797 3671 821 3734 8,
838 3672 885 3723 22:
901 3675 996 3738 portes
1014 3669 1150 3722 strodendi
1169 3668 1279 3735 pnidrnn
1296 3673 1377 3735 puin-

231 3743 326 3790 vernnt
343 3738 487 3803 ltoneatnnz,
506 3742 581 3802 attile,
600 3741 795 3805 neceesarium,
815 3756 862 3808 epo
881 3755 934 3791 non
953 3739 1063 3792 incertia
1080 3739 1144 3791 hiric
1162 3739 1258 3791 tertiae
1276 3739 1377 3798 locnrn3

231 3807 345 3875 faint)
364 3809 458 3861 irrelins
476 3811 572 3878 ipitiir,
592 3811 640 3878 piri
659 3811 766 3864 tertione
780 3816 888 3878 portent
907 3809 1038 3861 di'nernnt
1056 3808 1171 3871 δυνατὸν,
1196 3806 1267 3875 qnod
1291 3805 1379 3859 riostiu’

230 3877 359 3944 possibile
378 3880 528 3932 irorninnnt.

302 3946 345 4014 30]
364 3947 456 4000 Bern.
476 3947 570 4017 Trai:
594 3948 691 4000 titulus
709 3952 799 3999 nectem
817 3946 896 3999 libris
915 3945 1077 3998 inscribitur
1096 3961 1129 3998 ecc
1147 3945 1253 3997 'rroirtine
1271 3942 1378 3995 centoris

185 4068 188 4073 ,
231 4020 262 4066 nt
279 4014 418 4080 Lucernis,
438 4032 506 4084 opns
525 4018 646 4082 Latroni,
667 4032 700 4069 en
718 4017 797 4068 rebus
815 4021 846 4067 ni
864 4015 943 4068 eicite
962 4015 1066 4075 belluni,
1086 4020 1135 4066 etit
1154 4029 1187 4066 en
1206 4013 1327 4081 personis
1346 4011 1378 4062 ete

231 4083 328 4149 quibus
351 4087 392 4137 oet
417 4086 453 4138 nd
472 4087 675 4154 precedentem
694 4087 868 4139 Anticatones
886 4086 927 4137 nel
945 4085 1121 4154 Philippico,
1147 4084 1188 4135 nei
1212 4099 1230 4133 α
1257 4081 1324 4133 loeis
1348 4082 1377 4131 in

231 4154 329 4220 onibus
351 4155 421 4214 tieem
442 4162 473 4208 nt
491 4155 607 4210 Ovidius
625 4156 657 4208 de
676 4157 777 4221 Ponte,
802 4155 843 4207 ael
866 4169 883 4206 a
907 4156 1060 4222 scripturae
1084 4168 1177 4221 periere
1196 4156 1227 4203 ni
1245 4150 1379 4218 epistulae

217 4261 219 4265 -
231 4229 385 4276 cominente.
