3074 4854
700 215 912 271 ...28-

241 384 414 453 materiam,
446 385 609 444 scribentis
632 385 851 452 intentionem,
882 383 1002 442 finalem
1031 403 1152 442 causam
1176 391 1206 442 et
1228 385 1276 442 cni
1300 384 1382 460 parti

242 469 454 546 philosophiae
477 472 666 547 subponatur
687 470 766 548 qnod
789 470 942 528 scribitur.

328 557 366 616 D.
379 557 436 616 Dic
449 557 553 634 igitur,
567 557 640 634 quid
652 557 696 618 sit
708 557 845 628 materia,
855 555 928 634 qnid
939 556 1074 627 intentio,
1083 555 1154 634 quid
1167 576 1259 616 cansa
1271 555 1381 615 finalis.

328 644 369 702 Μ.
425 644 602 704 Materia
644 649 692 703 est
735 644 813 703 unde
855 648 977 703 constat
1013 642 1190 722 quodlibet,
1232 643 1309 702 unde
1350 648 1380 702 et

216 730 420 790 avocabulum
444 731 542 790 trahit
570 731 657 808 quasi
680 737 777 790 mater
801 730 859 801 rei3
883 730 999 791 duobus
1023 735 1121 790 antem
1146 730 1259 790 dicitur
1283 728 1379 790 modis

240 816 379 891 materia,
406 823 450 886 nt,
472 819 553 878 sicut
569 818 598 876 in
615 813 733 878 edificio
750 824 822 877 sunt
836 817 923 894 ligna
944 822 976 875 et
992 816 1120 894 lapides,
1144 817 1188 876 sic
1207 817 1239 875 in
1255 816 1379 877 vocibus

240 924 335 980 genus
358 909 390 962 ct
412 904 526 982 species
555 911 585 964 et
614 910 716 965 cetera
748 904 857 982 quibus
887 924 961 982 opus
994 903 1151 980 perficitur
1174 902 1253 980 quod
1275 911 1382 964 auctor

240 990 390 1068 agendum
413 990 603 1068 aggreditur.
635 991 817 1052 Intentio
841 997 888 1050 est
910 989 981 1069 quid
1006 997 1112 1051 auctor
1134 989 1285 1065 intendat,
1299 990 1380 1066 qnid,

240 1084 396 1154 qnantum,
412 1076 518 1157 dequo
531 1078 662 1137 scribere
677 1083 836 1155 proponat.
859 1078 954 1137 Porro
968 1076 1025 1136 fin
1036 1077 1115 1136 alis
1136 1097 1250 1136 cansa
1263 1079 1380 1136 fructus

204 1162 369 1242 rolegentis
401 1170 457 1226 est.
503 1165 550 1225 De
581 1166 768 1242 partibus
800 1170 901 1223 autem
932 1163 1230 1242 philosophiae,
1269 1163 1380 1240 quibus

239 1271 313 1329 opus
334 1271 420 1311 omne
443 1257 598 1312 anctorum
630 1251 886 1328 subponitur,
920 1250 949 1309 in
979 1251 1175 1328 sequentibus
1200 1249 1380 1321 docebimus,

239 1339 292 1396 ubi
310 1337 543 1414 disciplinarum
556 1337 728 1398 liberalium
751 1337 875 1398 nomina
890 1337 993 1414 potius
1012 1359 1101 1414 quam
1119 1337 1261 1396 affectum
1278 1357 1379 1397 earnm

238 1424 454 1496 indicabimus;
484 1432 531 1484 est
561 1431 662 1484 antem
685 1424 880 1502 philosophia
919 1423 1092 1484 divinarum
1121 1433 1151 1484 et
1181 1425 1379 1484 humanarum

239 1516 332 1588 prout
364 1511 479 1570 homini
513 1511 660 1589 possibile
694 1517 742 1571 est
772 1510 908 1588 cognitio
939 1517 1048 1573 rerum.
1096 1510 1178 1571 Glo
1195 1530 1242 1570 sa
1273 1531 1380 1588 graece

203 1598 335 1658 rolatine
366 1598 471 1675 lingna
499 1598 625 1670 dicitnr,
661 1619 728 1658 cnm
759 1598 848 1657 nnius
879 1597 965 1658 verbi
994 1617 1056 1657 rem
1086 1617 1146 1657 uno
1169 1598 1262 1658 verbo
1287 1599 1379 1658 mani-

237 1686 394 1747 lestamus

325 1772 364 1831 D.
388 1770 553 1832 Sufficiant
575 1771 638 1830 ista
654 1771 822 1848 praemissa
840 1771 978 1849 legendis
997 1771 1174 1833 auctoribus
1194 1772 1381 1845 necessaria,

238 1862 337 1920 restat
356 1878 444 1930 nunc,
467 1863 508 1930 ut,
532 1858 612 1918 sicut
635 1859 827 1936 promiseras,
850 1878 867 1916 a
890 1858 1060 1919 minoribns
1082 1858 1214 1938 incipias
1234 1859 1325 1919 etsie
1342 1859 1380 1918 ad

238 1945 366 2006 maiores
375 1945 544 2023 pervenias,
555 1946 600 2005 lac
609 1946 790 2023 praemittas
799 1945 946 2023 parvulis,
954 1945 1053 2006 cibum
1066 1946 1377 2008 solidnmablactatis.

202 2041 229 2084 20
325 2030 432 2103 Super
453 2032 633 2091 Donatum.
671 2034 714 2093 M.
756 2033 895 2093 Donatus
918 2032 1038 2110 quidem
1064 2033 1125 2093 tibi
1146 2035 1227 2094 inter
1249 2033 1379 2093 minores

239 2124 379 2179 auctores
401 2118 605 2179 numerandus
629 2119 758 2191 videtur,
782 2120 854 2196 quia
875 2120 1056 2180 rudimentis
1076 2122 1271 2197 parvulorum
1289 2126 1379 2197 aptus

238 2206 442 2286 cognoscitur,
466 2206 518 2266 sed
540 2212 687 2284 qnantum
707 2207 828 2266 adtinet
844 2205 881 2265 ad
903 2226 1069 2279 numerum,
1093 2207 1131 2266 ad
1147 2206 1379 2267 distinctionem

239 2292 320 2352 VIII
350 2292 499 2370 partium,
538 2292 577 2352 ad
607 2293 854 2354 distributionem
884 2313 1026 2370 generum
1061 2299 1093 2352 et
1122 2293 1305 2371 specierum,
1341 2293 1378 2351 ad

238 2379 459 2440 ordinationem
482 2379 515 2439 in
530 2379 608 2457 ipsis
621 2381 760 2458 partibus
777 2380 988 2452 accidentium,
1005 2379 1087 2439 inter
1107 2380 1254 2440 maximos
1270 2399 1379 2456 ponen-

200 2465 293 2525 nodus
324 2472 371 2526 est
401 2472 432 2526 et
460 2466 546 2545 qnasi
575 2467 723 2544 quoddam
751 2468 908 2545 singulare
930 2466 1159 2526 fundamentum
1183 2466 1215 2527 in
1247 2466 1377 2526 caeteris

324 2602 350 2670 4]
369 2620 420 2655 vor
438 2601 576 2670 quodlibet
594 2602 631 2654 ist
650 2602 766 2670 ‘aliquid’
787 2602 891 2670 getilgt.

308 2693 337 2730 12
348 2688 486 2756 affectum]
505 2687 555 2740 lies
575 2688 740 2741 ‘effectum’‘?

236 2810 291 2863 und
302 2810 397 2863 Boeth.
417 2780 607 2877 citiert—lI—Vgl.
625 2827 651 2862 v.
661 2807 765 2871 Book,
784 2805 826 2860 die
845 2805 937 2860 sieben
955 2806 1042 2860 freien
1056 2807 1163 2861 Klinste
1174 2807 1211 2861 im
1223 2808 1262 2861 11.
1273 2807 1376 2873 Jahrb,

236 2879 423 2932 Donauwbrth
443 2879 517 2944 1847,
537 2878 563 2932 S.
583 2878 624 2930 34.

324 2948 349 3016 4]
369 2949 466 3002 Bern.
486 2947 594 3017 Traj.:
620 2946 736 3000 lienteria
760 2950 799 2998 est
816 2944 888 2996 nude
907 2948 1011 2997 constat
1029 2942 1169 3010 quidlibet,
1192 2943 1263 2995 uude
1282 2948 1307 2995 et
1323 2960 1378 2994 mu-

235 3017 306 3069 teria
324 3019 405 3084 quusi
422 3023 507 3070 neuter
524 3020 565 3069 rei
584 3016 740 3085 appellatur
757 3015 858 3083 (quusi
869 3013 960 3065 muter'
981 3011 1132 3076 auchlsid,
1147 3030 1184 3065 or.
1195 3013 1267 3077 XIX,
1284 3013 1324 3078 19,
1334 3013 1376 3080 4);

234 3087 299 3138 boec
318 3087 422 3150 biforan
441 3087 588 3154 accipitur:
612 3088 642 3138 in
666 3084 744 3137 rebus
766 3089 797 3136 ut
815 3084 844 3134 in
863 3082 940 3135 donno
959 3082 1063 3150 lippum
1082 3087 1131 3134 orit
1148 3082 1262 3149 lapides,
1286 3082 1316 3134 in
1334 3099 1377 3135 oo·

235 3155 312 3209 cibus
329 3162 360 3208 ut
377 3156 407 3208 iu
426 3156 543 3218 Porptra'o
561 3171 645 3224 peneus
663 3153 764 3222 species
783 3151 938 3217 differentia
956 3152 1099 3218 proprium
1118 3150 1251 3203 occidens.

323 3225 348 3293 8]
368 3226 454 3278 sehon
471 3224 645 3278 Boethius
663 3221 774 3276 bedient
791 3220 850 3275 sich
869 3221 917 3274 des
935 3220 1046 3272 Wortes
1064 3218 1178 3273 intentio
1198 3220 1263 3273 sehr
1274 3219 1375 3287 hafflig,

236 3311 259 3346 s.
278 3312 301 3346 z.
319 3295 350 3346 B.
370 3295 422 3348 dou
440 3295 526 3347 Index
544 3312 578 3347 zu
595 3292 711 3346 Meisers
729 3291 815 3357 Ausg.
834 3290 881 3343 der
900 3306 995 3343 comm.
1015 3288 1071 3358 περὶ
1091 3289 1117 3360 ἐρ
1138 3291 1228 3360 qualos.

307 3363 371 3416 11in
389 3363 576 3431 sequentibus]
596 3379 617 3416 s.
636 3365 720 3415 nnten
738 3359 779 3413 Bl.
799 3360 832 3413 90
851 3359 906 3412 und
924 3358 964 3412 Bl.
986 3358 1035 3411 113
1054 3359 1102 3411 der
1147 3357 1306 3412 andschn'ft.

306 3433 348 3501 13]
368 3432 465 3498 Isin,
486 3450 523 3486 or.
543 3433 584 3495 IL,
604 3432 644 3495 24,
664 3431 697 3484 9:
719 3428 893 3497 philosophia
912 3433 951 3480 est
969 3426 1127 3480 diuinorum
1145 3427 1377 3496 balneariorumque

234 3517 330 3623 qqrupr,
350 3502 379 3554 in
398 3508 528 3623 quantum
538 3501 652 3622 I{correiqli
672 3496 1048 3621 ρῖξεώὸἱῑξῂεεύῶνρΐνῂοὸαῑὶίἰξῗΙ
1062 3497 1194 3618 sescupla,-
1213 3496 1323 3619 bpnlich
1342 3498 1374 3561 ll,

1121 3583 1135 3617 r
1243 3608 1248 3619 .

270 3613 275 3636 ⁹
306 3587 551 3708 sspqsiqs'qqnl'
564 3587 645 3702 blial
665 3586 699 3691 Ie:
718 3583 922 3706 rplddsuepruebo
948 3582 1302 3704 bli‘e'lblltdtloulnlffipuae
1320 3651 1375 3688 sor-

233 3708 303 3761 titur
321 3724 534 3762 nomene-«eum
551 3709 634 3760 onius
652 3707 727 3760 uerbi
744 3721 800 3757 rem
817 3720 872 3757 ulto
890 3704 968 3758 uerbo
986 3705 1200 3770 rnairtfestumou
1219 3706 1275 3772 vgl.
1294 3706 1374 3772 Hugo

232 3777 266 3830 de
286 3776 312 3831 S.
331 3777 449 3843 Victore,
468 3777 560 3844 Migne
580 3777 636 3841 176,
656 3775 750 3843 aaa,

305 3847 396 3915 19lac]
416 3846 471 3913 vgl.
490 3846 558 3899 oben
577 3844 706 3911 S.21,10.

305 3916 347 3984 20]
366 3916 393 3969 in
417 3916 459 3968 T¹
481 3915 548 3967 wird
576 3916 637 3968 dem
664 3914 787 3968 Priscian
821 3925 864 3968 em
891 3912 1041 3966 Abschnitt
1066 3913 1218 3981 gewidrnot,
1246 3913 1375 3966 w'a'hrend

233 3984 325 4037 Donat
341 3985 398 4038 leer
416 3983 546 4050 ausgeht3
573 3984 602 4037 in
620 3983 658 4037 T²
675 3983 714 4038 ist
738 3984 832 4038 keiner
853 4001 909 4037 von
935 3982 1033 4035 beiden
1059 3981 1289 4048 berncksichtigt5
1317 3983 1373 4048 vgl.

234 4057 318 4106 unten
336 4054 378 4107 die
397 4053 576 4119 Anmerlrung
603 4071 636 4105 zu
654 4053 695 4106 Bl.
714 4053 747 4106 97
767 4055 815 4106 der
832 4050 1020 4106 Handsohrift.
1057 4052 1087 4104 In
1107 4051 1168 4104 dem
1195 4051 1262 4103 iiber
1283 4051 1375 4103 Donat

233 4122 373 4189 Gesagten
392 4122 518 4175 herrscht
544 4122 680 4175 zwischen
697 4123 808 4176 Konrad
830 4123 886 4176 und
903 4122 984 4188 Hugo
1006 4138 1061 4174 von
1079 4119 1228 4186 Trimberg,
1256 4119 1321 4186 Reg.
1340 4119 1372 4172 V.

235 4191 284 4244 182
302 4193 329 4245 ff.
348 4209 442 4259 grosse
461 4180 734 4259 llbereinstimmnng.
