3074 4854
650 228 864 284 „23-

189 391 272 450 latur
295 412 361 452 cum
385 394 507 466 notulis,
531 393 639 455 ductus
667 416 684 453 a
714 395 793 455 libro
822 395 940 456 arboris
964 394 1094 465 cortice,
1123 392 1155 450 in
1179 411 1237 469 quo
1260 394 1331 449 ante

189 498 275 537 usum
299 481 491 540 membranae
522 480 722 542 scribebatur.
769 482 892 547 Dicitur
924 481 1016 542 etiam
1048 480 1127 538 liber
1157 476 1328 537 orationum

188 571 366 641 contextus,
398 567 595 627 historiarum
627 571 913 629 commentariorum
942 569 974 627 in
1003 587 1094 626 unum
1119 564 1258 624 collectio
1281 565 1330 624 vel

188 652 224 712 de
248 653 296 711 bis
319 653 479 713 similibus
524 655 634 715 Dictus
657 662 759 715 autem
783 657 861 717 liber
883 661 930 716 est
952 676 970 714 a
993 653 1161 719 liberando,
1184 650 1255 729 quia
1277 651 1329 728 qui

188 745 280 799 vacat
309 740 436 800 lectioni
466 761 536 819 sepe
563 749 693 802 mentem
720 745 815 803 solvit
839 764 856 801 a
885 742 967 802 curis
999 747 1030 801 et
1061 738 1193 800 vinculis
1217 737 1352 800 mundis

188 825 317 886 Constat
340 832 442 888 autem
466 828 544 887 liber
566 849 657 906 prosa
678 830 792 890 ribtmo
818 831 867 890 vel
890 834 995 890 metro.

274 930 314 990 Ι).
336 933 379 990 Et
402 930 477 991 haec
500 934 561 993 tria
584 934 710 996 resolve.

274 1036 316 1093 M.
339 1037 455 1096 Prosa
478 1042 523 1096 est
547 1039 646 1098 oratio
669 1059 687 1097 a
714 1040 783 1117 lege
805 1039 896 1098 metri
918 1035 1025 1105 soluta,
1056 1036 1139 1096 dicta
1166 1053 1328 1112 aproson,

189 1121 267 1198 quod
297 1122 476 1198 productum
499 1124 547 1185 vel
572 1126 718 1185 diffusum
749 1132 855 1200 sonat3
885 1123 1024 1201 equidem
1047 1143 1156 1200 graeca
1180 1119 1328 1180 vocabula

188 1207 279 1282 paulo
299 1208 465 1269 flectuntur
486 1211 644 1288 sepissime
664 1213 695 1271 in
716 1211 949 1272 declinationem
969 1210 1097 1270 latinam
1122 1209 1201 1268 sicut
1217 1215 1365 1285 proson10

187 1313 287 1372 prosa,
311 1297 455 1373 prologos
475 1300 618 1375 prologus
637 1305 691 1363 etc.
725 1301 902 1359 Rihtmus
919 1305 966 1358 est
988 1297 1041 1357 ubi
1064 1296 1241 1356 sillabarum
1265 1300 1330 1353 tan-

191 1390 251 1440 tum
288 1383 502 1445 consideratur
537 1406 696 1460 numerus;
732 1387 863 1446 rihtmus
899 1385 978 1444 enim
1021 1384 1134 1444 dicitur
1178 1401 1328 1446 numerus

187 1467 282 1528 Porro
313 1476 470 1530 metrum
513 1479 559 1531 est
595 1473 676 1551 quod
721 1475 813 1533 certis
856 1472 982 1551 pedibus
1020 1475 1210 1530 mensuretur
1250 1466 1331 1527 idest

188 1554 289 1633 longis
313 1562 344 1615 et
366 1559 530 1636 correptis3
555 1566 672 1620 metron
696 1561 774 1620 enim
798 1580 938 1620 mensura
961 1557 1083 1619 dicitur.
1128 1556 1206 1615 Sunt
1229 1562 1329 1614 autem

186 1640 274 1717 plura
291 1648 455 1704 metrorum
472 1665 582 1723 genera
599 1646 677 1706 vela
692 1648 819 1724 pedibus
833 1646 1016 1706 utadactilo
1032 1643 1207 1704 dactilicum
1223 1647 1276 1700 aut
1291 1643 1329 1700 ab
1340 1648 1365 1690 1⁵

186 1729 397 1790 inventoribus
417 1739 485 1791 uta
509 1732 611 1810 Sepho
634 1732 797 1812 Saphicnm
821 1734 870 1795 vel
890 1754 908 1792 a
929 1731 1210 1811 frequentatoribus
1234 1734 1269 1788 ut
1291 1730 1329 1787 ab

185 1816 369 1893 Asclepiade
379 1819 612 1897 Asclepiadenm
628 1829 682 1880 aut
697 1843 714 1880 a
726 1821 834 1899 pedum
844 1840 966 1880 numero
979 1826 1014 1878 ut
1027 1823 1212 1878 exametrum
1226 1821 1330 1893 penta-

186 1907 315 1961 metrum
336 1910 390 1962 aut
419 1926 436 1963 a
455 1908 544 1966 rebus
567 1914 601 1966 ut
625 1908 794 1978 heroicum,
825 1908 903 1986 quod
926 1908 1017 1966 etiam
1039 1926 1077 1964 ex
1101 1925 1156 1966 suo
1180 1902 1328 1963 vocabulo

185 1989 381 2055 intercalare
397 1999 495 2051 metra
511 1993 681 2073 principale
694 2000 748 2055 est.
777 1994 811 2056 ln
823 1993 963 2054 omnibus
987 1998 1088 2053 autem
1104 1991 1210 2050 metris
1226 1989 1328 2048 finalis

185 2074 299 2135 sillaba
322 2077 535 2140 indifferenter
556 2083 695 2158 ponitnr;
718 2083 796 2141 liber
820 2081 871 2158 qui
896 2081 1075 2140 centimeter
1090 2078 1271 2136 intitulatur
1291 2076 1364 2136 de²0

184 2161 232 2222 his
262 2163 384 2245 plenius
420 2165 566 2227 disserere
596 2168 727 2231 videtur.
782 2167 873 2245 Quod
909 2167 945 2227 de
975 2166 1125 2245 pagina
1149 2162 1327 2222 liminari

183 2250 324 2328 requiris,
347 2251 551 2314 differentiam
581 2255 669 2315 tituli
698 2255 826 2334 proemii
848 2254 1055 2333 praefacionis
1085 2259 1115 2310 et
1138 2250 1260 2329 prologi
1283 2249 1327 2311 sic

184 2335 356 2414 distingue:
380 2340 528 2400 titulus
551 2363 569 2401 a
586 2343 698 2402 Titane
716 2342 843 2419 quadam
860 2348 979 2402 tractus
995 2339 1198 2400 similitudine
1213 2336 1327 2396 dicitnr

184 2429 215 2482 et
238 2431 285 2483 est
314 2425 416 2485 brevis
447 2429 580 2489 ostensio
611 2430 766 2508 sequentis
794 2429 910 2507 operis3
941 2426 1147 2506 proemium
1170 2423 1325 2503 praefacio

184 2515 231 2569 est
263 2513 378 2588 operis,
408 2514 609 2592 prologus
644 2517 789 2594 quaedam
822 2523 892 2575 ante
925 2534 1090 2575 sermonem
1124 2510 1361 2590 praelocuti032⁵
1391 2583 1393 2588 Ι

182 2650 382 2660 -—.-——-..-
396 2657 414 2659 ⁷-

271 2718 382 2786 2usum]
402 2736 460 2772 usu.

181 2889 260 2941 certis
284 2891 383 2957 pedum
415 2897 548 2947 niensnris
576 2895 721 2960 arsen-riu
751 2912 814 2948 nam
841 2900 953 2949 metrum
979 2907 1103 2946 mensura
1129 2891 1326 2958 interpretatur

183 2956 264 3025 [lsid.‚
275 2977 312 3012 or.
323 2960 342 3025 l,
354 2961 395 3026 38,
407 2964 441 3032 ll.
479 2965 522 3016 De
541 2965 695 3017 corticibus
713 2971 870 3027 metrorum
888 2969 1073 3017 matronalem
1093 2964 1289 3027 nirncupantnr
1307 2975 1323 3011 a

177 3026 296 3094 pedibus
314 3031 412 3096 quibus
429 3039 552 3087 constant
578 3041 608 3087 ut
631 3051 648 3086 a
667 3035 768 3089 ductile
786 3034 943 3088 dactilicum
962 3038 1011 3086 aut
1035 3031 1069 3084 ab
1093 3028 1276 3082 incentoribus
1293 3035 1325 3081 nt

182 3111 200 3146 a
218 3096 311 3166 Sapha
331 3099 480 3169 Sopbicnm
498 3109 548 3156 unt
565 3120 583 3156 a
593 3104 841 3172 frequentatoribus
859 3110 889 3157 nt
901 3104 934 3155 ab
946 3100 1106 3171 Asclepiade
1116 3097 1323 3167 Asclepiadenm

181 3171 230 3218 ant
248 3183 266 3217 a
281 3168 380 3235 pedum
398 3188 508 3225 numero
520 3179 552 3226 nt
561 3179 725 3226 exametrum
738 3179 935 3241 pentametrum
948 3178 997 3225 aut
1015 3189 1032 3224 a
1042 3171 1121 3223 rebus
1133 3175 1163 3221 nt
1173 3169 1321 3247 tercianam

180 3239 206 3286 et
231 3236 366 3313 sciendum
395 3243 425 3292 in
452 3243 576 3295 crinibus
603 3244 698 3295 metris
727 3245 835 3307 finalem
861 3243 985 3295 sillodam
1014 3239 1199 3304 indifferenter
1217 3239 1323 3304 accitum

181 3303 271 3370 [Isrd.
285 3305 305 3370 Ι,
317 3306 357 3372 38,
368 3309 436 3363 5-9
454 3309 493 3364 ist
511 3311 725 3376 ausitihrlicher;
753 3330 818 3366 vom
836 3312 1003 3365 Hexameter
1021 3313 1085 3377 sagt
1103 3327 1139 3373 er,
1164 3323 1222 3360 was
1241 3307 1321 3359 Bern.

181 3374 376 3442 weggelassen,
395 3380 478 3434 Konr.
498 3382 563 3434 eber
573 3382 599 3434 Z.
612 3382 644 3434 19
663 3381 843 3449 auigegriffeu
860 3381 919 3435 hat:
939 3380 1012 3449 quod
1029 3385 1141 3432 metrum
1160 3376 1323 3429 anctoritate

182 3448 270 3494 cetera
288 3451 373 3498 metra
388 3450 543 3516 praecedit;
554 3451 647 3504 —das
665 3451 708 3504 bei
729 3452 808 3504 Bern.
828 3450 964 3505 zuntchst
984 3450 1050 3503 tiber
1063 3448 1185 3502 Otsuren
1197 3462 1222 3498 u.
1236 3443 1319 3524 dergl.

179 3508 300 3578 Gesagtc
318 3513 390 3570 ltsst
408 3519 440 3571 K.
460 3537 532 3587 weg;
560 3519 672 3572 hierauf
692 3520 769 3574 fahrt
787 3520 944 3573 Bernardus
962 3519 1018 3573 fort
1026 3519 1043 3588 :]
1072 3522 1160 3570 anem
1179 3514 1211 3567 de
1229 3520 1321 3567 meltis

179 3581 226 3646 qni
240 3582 352 3649 plenius
371 3603 447 3640 nosse
466 3588 611 3654 desiderat,
632 3590 729 3642 librum
740 3589 831 3642 Marii
845 3589 934 3643 Seruii
952 3587 1127 3656 prammatici
1146 3584 1318 3637 nelAlbinum

178 3649 210 3701 de
228 3656 371 3705 metrorum
389 3657 494 3710 ratione
513 3660 695 3726 conscriptum
705 3660 747 3712 acl
758 3675 816 3712 enm
828 3661 876 3726 qni
887 3660 1038 3712 centimeter
1050 3654 1212 3710 inscribitur·
1223 3655 1319 3722 lepnt.“

250 3724 279 3761 21
313 3727 319 3748 ‘
340 3724 420 3790 agina
437 3727 578 3781 liminaris’
599 3746 619 3781 s.
640 3727 711 3781 such
728 3729 766 3781 im
785 3729 873 3798 Spec.
893 3728 984 3795 Virg.
1004 3727 1045 3780 Bl.
1066 3725 1115 3796 12.

249 3793 278 3831 23
310 3740 405 3847 darn.
425 3796 527 3867 Trajs
556 3798 653 3850 titnlns
672 3797 762 3851 dietus
782 3815 799 3849 a
819 3796 915 3851 Titane
932 3797 1002 3849 idest
1019 3797 1079 3860 sole,
1099 3794 1173 3863 qnia,
1193 3792 1265 3845 sicut
1278 3791 1319 3869 sol

177 3857 272 3917 orbem,
291 3861 332 3912 ita
352 3863 449 3917 titulus
473 3867 611 3920 illuminat
639 3883 751 3934 sequens
779 3884 860 3936 opum
887 3867 925 3919 im
943 3866 1092 3919 Abschnitt
1109 3864 1176 3916 iiber
1194 3859 1319 3915 Sedubus

176 3925 265 3980 haben
285 3929 326 3982 die
350 3932 539 3989 Mdnchner
566 3937 634 3989 Hss
662 3936 703 3989 ΤΙ
730 3936 782 3990 T2:
809 3938 907 3990 titulus
934 3942 1022 3988 antem
1049 3934 1144 3987 Servio
1172 3934 1319 3984 adtestante

176 4010 194 4046 a
213 4002 308 4068 tytqno
327 4000 398 4054 idest
415 4018 433 4054 a
446 4004 501 4056 sole
509 4021 561 4072 per
571 4006 776 4058 diminutionem
790 4007 830 4059 nel
844 4021 895 4075 per
912 4003 1187 4058 similitudinem
1206 4000 1318 4058 elicitur,

175 4081 245 4129 ganz
264 4067 414 4124 Ahnliebes
432 4071 470 4125 im
488 4074 636 4128 Abschnitt
653 4075 720 4129 tiber
737 4075 908 4129 Prudentius.

247 4140 446 4210 teproemium]
465 4142 554 4207 isid,
574 4162 611 4197 or.
625 4145 670 4209 VI,
690 4144 714 4209 8,
733 4146 761 4198 9:
776 4146 927 4214 proenn'um
943 4174 973 4188 —
993 4144 1130 4211 praelatio
1143 4142 1321 4206 nuncupatur

175 4206 257 4272 quasi
270 4209 450 4274 praelocutio.
