<?xml version="1.0" encoding="UTF-8"?>
<!DOCTYPE html PUBLIC "-//W3C//DTD XHTML 1.0 Transitional//EN"
    "http://www.w3.org/TR/xhtml1/DTD/xhtml1-transitional.dtd">
<html xmlns="http://www.w3.org/1999/xhtml" xml:lang="en" lang="en">
 <head>
  <title>
</title>
<meta http-equiv="Content-Type" content="text/html;charset=utf-8" />
  <meta name='ocr-system' content='tesseract 3.04.00' />
  <meta name='ocr-capabilities' content='ocr_page ocr_carea ocr_par ocr_line ocrx_word'/>
</head>
<body>
  <div class='ocr_page' id='page_1' title='image "./conradihirsaugi01hirsgoog_0050.png"; bbox 0 0 3074 4854; ppageno 0'>
   <div class='ocr_carea' id='block_1_1' title="bbox 629 210 840 264">
    <p class='ocr_par' dir='ltr' id='par_1_1' title="bbox 629 210 840 264">
     <span class='ocr_line' id='line_1_1' title="bbox 629 210 840 264; baseline -0.009 -15"><span class='ocrx_word' id='word_1_1' title='bbox 629 210 840 264; x_wconf 65' lang='lat'><strong>-47-</strong></span> 
     </span>
    </p>
   </div>
   <div class='ocr_carea' id='block_1_2' title="bbox 156 377 1342 2629">
    <p class='ocr_par' dir='ltr' id='par_1_2' title="bbox 156 377 1342 2089">
     <span class='ocr_line' id='line_1_2' title="bbox 243 377 1304 452; baseline -0.004 -12"><span class='ocrx_word' id='word_1_2' title='bbox 243 379 350 452; x_wconf 83' lang='lat' dir='ltr'><strong>Super</strong></span> <span class='ocrx_word' id='word_1_3' title='bbox 383 377 570 438; x_wconf 76' lang='lat' dir='ltr'><strong>Aratorem.</strong></span> <span class='ocrx_word' id='word_1_4' title='bbox 611 380 654 437; x_wconf 87' lang='grc' dir='ltr'><strong>Μ.</strong></span> <span class='ocrx_word' id='word_1_5' title='bbox 687 379 804 440; x_wconf 87' lang='lat' dir='ltr'><strong>Arator</strong></span> <span class='ocrx_word' id='word_1_6' title='bbox 836 382 939 437; x_wconf 89' lang='lat' dir='ltr'><strong>noster</strong></span> <span class='ocrx_word' id='word_1_7' title='bbox 979 379 1119 449; x_wconf 90' lang='lat' dir='ltr'><strong>obsessus</strong></span> <span class='ocrx_word' id='word_1_8' title='bbox 1160 377 1193 436; x_wconf 89' lang='lat' dir='ltr'><strong>in</strong></span> <span class='ocrx_word' id='word_1_9' title='bbox 1231 378 1304 437; x_wconf 89' lang='lat' dir='ltr'><strong>urbe</strong></span> 
     </span>
     <span class='ocr_line' id='line_1_3' title="bbox 157 463 1304 542; baseline -0.003 -17"><span class='ocrx_word' id='word_1_10' title='bbox 157 468 256 527; x_wconf 83' lang='lat' dir='ltr'><strong>Roma</strong></span> <span class='ocrx_word' id='word_1_11' title='bbox 285 488 302 525; x_wconf 94' lang='lat' dir='ltr'><strong>a</strong></span> <span class='ocrx_word' id='word_1_12' title='bbox 333 467 445 527; x_wconf 85' lang='lat' dir='ltr'><strong>Gothis</strong></span> <span class='ocrx_word' id='word_1_13' title='bbox 477 466 622 526; x_wconf 82' lang='lat' dir='ltr'>feralibus</span> <span class='ocrx_word' id='word_1_14' title='bbox 651 466 783 526; x_wconf 84' lang='lat' dir='ltr'><strong>Romani</strong></span> <span class='ocrx_word' id='word_1_15' title='bbox 813 463 918 542; x_wconf 90' lang='lat' dir='ltr'><strong>populi</strong></span> <span class='ocrx_word' id='word_1_16' title='bbox 952 465 1091 525; x_wconf 82' lang='lat' dir='ltr'>hostibus</span> <span class='ocrx_word' id='word_1_17' title='bbox 1119 470 1150 524; x_wconf 89' lang='lat' dir='ltr'><strong>et</strong></span> <span class='ocrx_word' id='word_1_18' title='bbox 1180 485 1197 522; x_wconf 88' lang='lat' dir='ltr'><strong>a</strong></span> <span class='ocrx_word' id='word_1_19' title='bbox 1225 484 1304 541; x_wconf 90' lang='lat' dir='ltr'><strong>papa</strong></span> 
     </span>
     <span class='ocr_line' id='line_1_4' title="bbox 158 550 1303 631; baseline -0.002 -19"><span class='ocrx_word' id='word_1_20' title='bbox 158 551 275 631; x_wconf 89' lang='lat' dir='ltr'><strong>Vigilio</strong></span> <span class='ocrx_word' id='word_1_21' title='bbox 298 573 364 614; x_wconf 91' lang='lat' dir='ltr'><strong>cum</strong></span> <span class='ocrx_word' id='word_1_22' title='bbox 389 553 524 613; x_wconf 84' lang='lat' dir='ltr'><strong>exercitu</strong></span> <span class='ocrx_word' id='word_1_23' title='bbox 546 553 779 630; x_wconf 88' lang='lat' dir='ltr'><strong>superveniente</strong></span> <span class='ocrx_word' id='word_1_24' title='bbox 803 552 951 611; x_wconf 89' lang='lat' dir='ltr'><strong>liberatus</strong></span> <span class='ocrx_word' id='word_1_25' title='bbox 978 550 1017 610; x_wconf 89' lang='lat' dir='ltr'><strong>ad</strong></span> <span class='ocrx_word' id='word_1_26' title='bbox 1040 551 1120 611; x_wconf 84' lang='lat' dir='ltr'><strong>ovile</strong></span> <span class='ocrx_word' id='word_1_27' title='bbox 1142 551 1231 611; x_wconf 91' lang='lat' dir='ltr'><strong>Petri</strong></span> <span class='ocrx_word' id='word_1_28' title='bbox 1254 551 1303 610; x_wconf 90' lang='lat' dir='ltr'><strong>ad·</strong></span> 
     </span>
     <span class='ocr_line' id='line_1_5' title="bbox 158 637 1303 700; baseline -0.002 -2"><span class='ocrx_word' id='word_1_29' title='bbox 158 640 267 700; x_wconf 88' lang='lat' dir='ltr'><strong>missus</strong></span> <span class='ocrx_word' id='word_1_30' title='bbox 281 647 313 699; x_wconf 91' lang='lat' dir='ltr'><strong>et</strong></span> <span class='ocrx_word' id='word_1_31' title='bbox 327 639 565 699; x_wconf 81' lang='lat' dir='ltr'><strong>subdiaconatus</strong></span> <span class='ocrx_word' id='word_1_32' title='bbox 584 638 690 700; x_wconf 84' lang='lat' dir='ltr'>ordine</span> <span class='ocrx_word' id='word_1_33' title='bbox 702 639 885 700; x_wconf 91' lang='lat' dir='ltr'><strong>sublimatus</strong></span> <span class='ocrx_word' id='word_1_34' title='bbox 898 637 1010 697; x_wconf 91' lang='lat' dir='ltr'><strong>librum</strong></span> <span class='ocrx_word' id='word_1_35' title='bbox 1023 641 1101 697; x_wconf 90' lang='lat' dir='ltr'><strong>huno</strong></span> <span class='ocrx_word' id='word_1_36' title='bbox 1114 637 1146 697; x_wconf 90' lang='lat' dir='ltr'><strong>in</strong></span> <span class='ocrx_word' id='word_1_37' title='bbox 1161 639 1303 698; x_wconf 80' lang='lat' dir='ltr'><strong>honorem</strong></span> 
     </span>
     <span class='ocr_line' id='line_1_6' title="bbox 158 725 1327 805; baseline -0.005 -19"><span class='ocrx_word' id='word_1_38' title='bbox 158 728 365 805; x_wconf 86' lang='lat' dir='ltr'><strong>apostolorum</strong></span> <span class='ocrx_word' id='word_1_39' title='bbox 395 731 426 786; x_wconf 90' lang='lat' dir='ltr'><strong>et</strong></span> <span class='ocrx_word' id='word_1_40' title='bbox 453 726 492 785; x_wconf 90' lang='lat' dir='ltr'><strong>ad</strong></span> <span class='ocrx_word' id='word_1_41' title='bbox 522 727 655 786; x_wconf 86' lang='lat' dir='ltr'><strong>fructum</strong></span> <span class='ocrx_word' id='word_1_42' title='bbox 685 727 781 786; x_wconf 88' lang='lat' dir='ltr'><strong>totius</strong></span> <span class='ocrx_word' id='word_1_43' title='bbox 818 725 963 785; x_wconf 89' lang='lat' dir='ltr'><strong>ecclesiae</strong></span> <span class='ocrx_word' id='word_1_44' title='bbox 1002 725 1189 802; x_wconf 88' lang='lat' dir='ltr'><strong>composuit;</strong></span> <span class='ocrx_word' id='word_1_45' title='bbox 1230 725 1327 784; x_wconf 79' lang='lat' dir='ltr'><strong>duosa</strong></span> 
     </span>
     <span class='ocr_line' id='line_1_7' title="bbox 157 810 1304 892; baseline -0.001 -20"><span class='ocrx_word' id='word_1_46' title='bbox 157 820 258 874; x_wconf 88' lang='lat' dir='ltr'><strong>autem</strong></span> <span class='ocrx_word' id='word_1_47' title='bbox 283 814 377 874; x_wconf 91' lang='lat' dir='ltr'><strong>eidem</strong></span> <span class='ocrx_word' id='word_1_48' title='bbox 402 813 487 890; x_wconf 91' lang='lat' dir='ltr'><strong>operi</strong></span> <span class='ocrx_word' id='word_1_49' title='bbox 509 834 564 874; x_wconf 88' lang='lat' dir='ltr'><strong>suo</strong></span> <span class='ocrx_word' id='word_1_50' title='bbox 587 814 731 890; x_wconf 84' lang='lat' dir='ltr'><strong>prologos</strong></span> <span class='ocrx_word' id='word_1_51' title='bbox 749 812 900 892; x_wconf 85' lang='lat' dir='ltr'><strong>praefixit,</strong></span> <span class='ocrx_word' id='word_1_52' title='bbox 922 811 955 871; x_wconf 91' lang='lat' dir='ltr'><strong>in</strong></span> <span class='ocrx_word' id='word_1_53' title='bbox 979 831 1104 888; x_wconf 91' lang='lat' dir='ltr'><strong>quorum</strong></span> <span class='ocrx_word' id='word_1_54' title='bbox 1129 810 1226 871; x_wconf 89' lang='lat' dir='ltr'><strong>altero</strong></span> <span class='ocrx_word' id='word_1_55' title='bbox 1250 831 1304 888; x_wconf 89' lang='lat' dir='ltr'><strong>pro</strong></span> 
     </span>
     <span class='ocr_line' id='line_1_8' title="bbox 157 897 1304 978; baseline -0.003 -18"><span class='ocrx_word' id='word_1_56' title='bbox 157 901 364 978; x_wconf 75' lang='lat' dir='ltr'><strong>redemptione</strong></span> <span class='ocrx_word' id='word_1_57' title='bbox 383 920 437 959; x_wconf 89' lang='lat' dir='ltr'><strong>sua</strong></span> <span class='ocrx_word' id='word_1_58' title='bbox 456 900 574 977; x_wconf 80' lang='lat' dir='ltr'><strong>gratias</strong></span> <span class='ocrx_word' id='word_1_59' title='bbox 598 920 688 978; x_wconf 88' lang='lat' dir='ltr'><strong>agere</strong></span> <span class='ocrx_word' id='word_1_60' title='bbox 707 901 830 960; x_wconf 89' lang='lat' dir='ltr'><strong>videtur</strong></span> <span class='ocrx_word' id='word_1_61' title='bbox 850 898 967 977; x_wconf 90' lang='lat' dir='ltr'><strong>pastori</strong></span> <span class='ocrx_word' id='word_1_62' title='bbox 989 918 1043 959; x_wconf 94' lang='lat' dir='ltr'><strong>suo</strong></span> <span class='ocrx_word' id='word_1_63' title='bbox 1067 918 1164 976; x_wconf 91' lang='lat' dir='ltr'><strong>papae</strong></span> <span class='ocrx_word' id='word_1_64' title='bbox 1176 897 1304 975; x_wconf 87' lang='lat' dir='ltr'><strong>Vigilio,</strong></span> 
     </span>
     <span class='ocr_line' id='line_1_9' title="bbox 156 985 1304 1065; baseline -0.002 -19"><span class='ocrx_word' id='word_1_65' title='bbox 156 989 190 1046; x_wconf 92' lang='lat' dir='ltr'><strong>in</strong></span> <span class='ocrx_word' id='word_1_66' title='bbox 213 989 310 1047; x_wconf 91' lang='lat' dir='ltr'><strong>altero</strong></span> <span class='ocrx_word' id='word_1_67' title='bbox 343 1006 418 1064; x_wconf 93' lang='lat' dir='ltr'><strong>opus</strong></span> <span class='ocrx_word' id='word_1_68' title='bbox 449 1006 534 1046; x_wconf 91' lang='lat' dir='ltr'><strong>suum</strong></span> <span class='ocrx_word' id='word_1_69' title='bbox 565 986 779 1065; x_wconf 87' lang='lat' dir='ltr'><strong>corrigendum</strong></span> <span class='ocrx_word' id='word_1_70' title='bbox 803 985 994 1046; x_wconf 83' lang='lat' dir='ltr'><strong>commendat</strong></span> <span class='ocrx_word' id='word_1_71' title='bbox 1021 985 1126 1045; x_wconf 89' lang='lat' dir='ltr'><strong>abbati</strong></span> <span class='ocrx_word' id='word_1_72' title='bbox 1149 985 1304 1045; x_wconf 84' lang='lat' dir='ltr'><strong>Floriano.</strong></span> 
     </span>
     <span class='ocr_line' id='line_1_10' title="bbox 157 1070 1305 1152; baseline -0.003 -18"><span class='ocrx_word' id='word_1_73' title='bbox 157 1075 304 1150; x_wconf 84' lang='lat' dir='ltr'><strong>Exceptis</strong></span> <span class='ocrx_word' id='word_1_74' title='bbox 343 1073 441 1152; x_wconf 91' lang='lat' dir='ltr'><strong>igitur</strong></span> <span class='ocrx_word' id='word_1_75' title='bbox 468 1073 649 1151; x_wconf 90' lang='lat' dir='ltr'><strong>quibusdam</strong></span> <span class='ocrx_word' id='word_1_76' title='bbox 679 1073 715 1133; x_wconf 93' lang='lat' dir='ltr'><strong>de</strong></span> <span class='ocrx_word' id='word_1_77' title='bbox 743 1073 863 1133; x_wconf 91' lang='lat' dir='ltr'><strong>actibus</strong></span> <span class='ocrx_word' id='word_1_78' title='bbox 895 1070 1103 1150; x_wconf 89' lang='lat' dir='ltr'><strong>apostolorum</strong></span> <span class='ocrx_word' id='word_1_79' title='bbox 1131 1071 1235 1132; x_wconf 90' lang='lat' dir='ltr'><strong>titulis</strong></span> <span class='ocrx_word' id='word_1_80' title='bbox 1267 1071 1305 1130; x_wconf 91' lang='lat' dir='ltr'><strong>ad</strong></span> 
     </span>
     <span class='ocr_line' id='line_1_11' title="bbox 158 1158 1340 1238; baseline 0 -20"><span class='ocrx_word' id='word_1_81' title='bbox 158 1161 278 1220; x_wconf 86' lang='lat' dir='ltr'><strong>literam</strong></span> <span class='ocrx_word' id='word_1_82' title='bbox 308 1165 340 1220; x_wconf 89' lang='lat' dir='ltr'><strong>et</strong></span> <span class='ocrx_word' id='word_1_83' title='bbox 366 1161 545 1238; x_wconf 83' lang='lat' dir='ltr'><strong>allegoriam</strong></span> <span class='ocrx_word' id='word_1_84' title='bbox 577 1181 651 1238; x_wconf 91' lang='lat' dir='ltr'><strong>opus</strong></span> <span class='ocrx_word' id='word_1_85' title='bbox 688 1160 842 1238; x_wconf 90' lang='lat' dir='ltr'><strong>inceptum</strong></span> <span class='ocrx_word' id='word_1_86' title='bbox 873 1164 1031 1219; x_wconf 86' lang='lat' dir='ltr'><strong>exsecutus</strong></span> <span class='ocrx_word' id='word_1_87' title='bbox 1068 1164 1129 1231; x_wconf 86' lang='lat' dir='ltr'><strong>est,</strong></span> <span class='ocrx_word' id='word_1_88' title='bbox 1167 1158 1304 1218; x_wconf 88' lang='lat' dir='ltr'><strong>studioso</strong></span> <span class='ocrx_word' id='word_1_89' title='bbox 1316 1170 1340 1212; x_wconf 88' lang='lat'><strong>10</strong></span> 
     </span>
     <span class='ocr_line' id='line_1_12' title="bbox 159 1245 1304 1325; baseline -0.003 -18"><span class='ocrx_word' id='word_1_90' title='bbox 159 1246 267 1308; x_wconf 88' lang='lat' dir='ltr'><strong>lectori</strong></span> <span class='ocrx_word' id='word_1_91' title='bbox 290 1247 400 1324; x_wconf 86' lang='lat' dir='ltr'><strong>duplex</strong></span> <span class='ocrx_word' id='word_1_92' title='bbox 423 1247 612 1308; x_wconf 91' lang='lat' dir='ltr'><strong>commodum</strong></span> <span class='ocrx_word' id='word_1_93' title='bbox 636 1247 834 1325; x_wconf 89' lang='lat' dir='ltr'><strong>prospiciens.</strong></span> <span class='ocrx_word' id='word_1_94' title='bbox 881 1245 1014 1306; x_wconf 90' lang='lat' dir='ltr'><strong>Proinde</strong></span> <span class='ocrx_word' id='word_1_95' title='bbox 1046 1245 1213 1306; x_wconf 90' lang='lat' dir='ltr'><strong>materia</strong></span> <span class='ocrx_word' id='word_1_96' title='bbox 1241 1245 1304 1305; x_wconf 91' lang='lat' dir='ltr'><strong>eius</strong></span> 
     </span>
     <span class='ocr_line' id='line_1_13' title="bbox 158 1332 1305 1413; baseline -0.004 -20"><span class='ocrx_word' id='word_1_97' title='bbox 158 1342 244 1394; x_wconf 88' lang='lat' dir='ltr'><strong>actus</strong></span> <span class='ocrx_word' id='word_1_98' title='bbox 277 1334 484 1410; x_wconf 89' lang='lat' dir='ltr'><strong>apostolorum</strong></span> <span class='ocrx_word' id='word_1_99' title='bbox 507 1339 596 1411; x_wconf 90' lang='lat' dir='ltr'><strong>sunt,</strong></span> <span class='ocrx_word' id='word_1_100' title='bbox 632 1340 779 1413; x_wconf 91' lang='lat' dir='ltr'><strong>quantum</strong></span> <span class='ocrx_word' id='word_1_101' title='bbox 811 1333 872 1393; x_wconf 91' lang='lat' dir='ltr'><strong>sihi</strong></span> <span class='ocrx_word' id='word_1_102' title='bbox 902 1332 1063 1394; x_wconf 87' lang='lat' dir='ltr'><strong>videbatur</strong></span> <span class='ocrx_word' id='word_1_103' title='bbox 1091 1332 1128 1392; x_wconf 91' lang='lat' dir='ltr'><strong>ad</strong></span> <span class='ocrx_word' id='word_1_104' title='bbox 1152 1333 1305 1409; x_wconf 88' lang='lat' dir='ltr'><strong>inceptum</strong></span> 
     </span>
     <span class='ocr_line' id='line_1_14' title="bbox 157 1419 1306 1500; baseline -0.003 -19"><span class='ocrx_word' id='word_1_105' title='bbox 157 1441 232 1498; x_wconf 91' lang='lat' dir='ltr'><strong>opus</strong></span> <span class='ocrx_word' id='word_1_106' title='bbox 260 1428 448 1500; x_wconf 78' lang='lat' dir='ltr'><strong>competere,</strong></span> <span class='ocrx_word' id='word_1_107' title='bbox 482 1442 519 1481; x_wconf 89' lang='lat' dir='ltr'><strong>ne</strong></span> <span class='ocrx_word' id='word_1_108' title='bbox 552 1420 579 1480; x_wconf 90' lang='lat' dir='ltr'><strong>si</strong></span> <span class='ocrx_word' id='word_1_109' title='bbox 610 1420 712 1482; x_wconf 88' lang='lat' dir='ltr'><strong>omnia</strong></span> <span class='ocrx_word' id='word_1_110' title='bbox 741 1419 858 1481; x_wconf 90' lang='lat' dir='ltr'><strong>calamo</strong></span> <span class='ocrx_word' id='word_1_111' title='bbox 889 1419 1015 1480; x_wconf 87' lang='lat' dir='ltr'><strong>metrico</strong></span> <span class='ocrx_word' id='word_1_112' title='bbox 1038 1419 1306 1498; x_wconf 89' lang='lat' dir='ltr'><strong>comprehenderet</strong></span> 
     </span>
     <span class='ocr_line' id='line_1_15' title="bbox 157 1505 1304 1585; baseline -0.003 -18"><span class='ocrx_word' id='word_1_113' title='bbox 157 1508 313 1568; x_wconf 86' lang='lat' dir='ltr'><strong>videretur</strong></span> <span class='ocrx_word' id='word_1_114' title='bbox 348 1508 497 1569; x_wconf 87' lang='lat' dir='ltr'><strong>diffluere.</strong></span> <span class='ocrx_word' id='word_1_115' title='bbox 549 1507 742 1568; x_wconf 87' lang='lat' dir='ltr'><strong>Intendit</strong></span> <span class='ocrx_word' id='word_1_116' title='bbox 774 1513 876 1567; x_wconf 89' lang='lat' dir='ltr'><strong>autem</strong></span> <span class='ocrx_word' id='word_1_117' title='bbox 907 1526 959 1584; x_wconf 92' lang='lat' dir='ltr'><strong>per</strong></span> <span class='ocrx_word' id='word_1_118' title='bbox 991 1508 1046 1567; x_wconf 93' lang='lat' dir='ltr'><strong>hoc</strong></span> <span class='ocrx_word' id='word_1_119' title='bbox 1081 1527 1155 1585; x_wconf 90' lang='lat' dir='ltr'><strong>opus</strong></span> <span class='ocrx_word' id='word_1_120' title='bbox 1186 1505 1304 1566; x_wconf 89' lang='lat' dir='ltr'><strong>laudem</strong></span> 
     </span>
     <span class='ocr_line' id='line_1_16' title="bbox 157 1593 1340 1673; baseline -0.004 -20"><span class='ocrx_word' id='word_1_121' title='bbox 157 1596 364 1673; x_wconf 88' lang='lat' dir='ltr'><strong>apostolorum</strong></span> <span class='ocrx_word' id='word_1_122' title='bbox 387 1595 506 1673; x_wconf 89' lang='lat' dir='ltr'><strong>gratias</strong></span> <span class='ocrx_word' id='word_1_123' title='bbox 536 1594 653 1672; x_wconf 89' lang='lat' dir='ltr'><strong>agendo</strong></span> <span class='ocrx_word' id='word_1_124' title='bbox 677 1593 825 1666; x_wconf 88' lang='lat' dir='ltr'><strong>dilatare,</strong></span> <span class='ocrx_word' id='word_1_125' title='bbox 857 1593 1031 1671; x_wconf 89' lang='lat' dir='ltr'><strong>legentibus</strong></span> <span class='ocrx_word' id='word_1_126' title='bbox 1063 1594 1153 1654; x_wconf 90' lang='lat' dir='ltr'><strong>fidem</strong></span> <span class='ocrx_word' id='word_1_127' title='bbox 1183 1613 1304 1670; x_wconf 86' lang='lat' dir='ltr'><strong>augere,</strong></span> <span class='ocrx_word' id='word_1_128' title='bbox 1315 1609 1340 1648; x_wconf 82' lang='lat'><strong>15</strong></span> 
     </span>
     <span class='ocr_line' id='line_1_17' title="bbox 156 1679 1304 1759; baseline -0.001 -19"><span class='ocrx_word' id='word_1_129' title='bbox 156 1687 314 1759; x_wconf 90' lang='lat' dir='ltr'><strong>totumque</strong></span> <span class='ocrx_word' id='word_1_130' title='bbox 335 1681 414 1758; x_wconf 90' lang='lat' dir='ltr'><strong>quod</strong></span> <span class='ocrx_word' id='word_1_131' title='bbox 431 1683 580 1742; x_wconf 89' lang='lat' dir='ltr'><strong>humanae</strong></span> <span class='ocrx_word' id='word_1_132' title='bbox 599 1681 695 1741; x_wconf 88' lang='lat' dir='ltr'><strong>saluti</strong></span> <span class='ocrx_word' id='word_1_133' title='bbox 712 1681 744 1740; x_wconf 94' lang='lat' dir='ltr'><strong>in</strong></span> <span class='ocrx_word' id='word_1_134' title='bbox 766 1679 856 1740; x_wconf 88' lang='lat' dir='ltr'><strong>viciis</strong></span> <span class='ocrx_word' id='word_1_135' title='bbox 876 1680 1071 1740; x_wconf 88' lang='lat' dir='ltr'><strong>naturalibus</strong></span> <span class='ocrx_word' id='word_1_136' title='bbox 1087 1687 1118 1741; x_wconf 92' lang='lat' dir='ltr'><strong>et</strong></span> <span class='ocrx_word' id='word_1_137' title='bbox 1133 1680 1304 1741; x_wconf 90' lang='lat' dir='ltr'><strong>actualibus</strong></span> 
     </span>
     <span class='ocr_line' id='line_1_18' title="bbox 158 1767 1306 1829; baseline -0.002 -1"><span class='ocrx_word' id='word_1_138' title='bbox 158 1768 254 1829; x_wconf 87' lang='lat' dir='ltr'><strong>officit</strong></span> <span class='ocrx_word' id='word_1_139' title='bbox 276 1768 461 1828; x_wconf 89' lang='lat' dir='ltr'><strong>dissuadere.</strong></span> <span class='ocrx_word' id='word_1_140' title='bbox 507 1767 670 1829; x_wconf 86' lang='lat' dir='ltr'><strong>Inchoavit</strong></span> <span class='ocrx_word' id='word_1_141' title='bbox 693 1774 795 1827; x_wconf 91' lang='lat' dir='ltr'><strong>autem</strong></span> <span class='ocrx_word' id='word_1_142' title='bbox 819 1767 929 1826; x_wconf 92' lang='lat' dir='ltr'><strong>librum</strong></span> <span class='ocrx_word' id='word_1_143' title='bbox 958 1787 1043 1827; x_wconf 91' lang='lat' dir='ltr'><strong>suum</strong></span> <span class='ocrx_word' id='word_1_144' title='bbox 1067 1769 1105 1827; x_wconf 90' lang='lat' dir='ltr'><strong>ab</strong></span> <span class='ocrx_word' id='word_1_145' title='bbox 1129 1767 1306 1828; x_wconf 89' lang='lat' dir='ltr'><strong>ascensione</strong></span> 
     </span>
     <span class='ocr_line' id='line_1_19' title="bbox 158 1853 1307 1933; baseline -0.002 -19"><span class='ocrx_word' id='word_1_146' title='bbox 158 1855 274 1915; x_wconf 88' lang='lat' dir='ltr'><strong>domini</strong></span> <span class='ocrx_word' id='word_1_147' title='bbox 304 1861 336 1913; x_wconf 89' lang='lat' dir='ltr'><strong>et</strong></span> <span class='ocrx_word' id='word_1_148' title='bbox 365 1855 506 1933; x_wconf 89' lang='lat' dir='ltr'><strong>pervenit</strong></span> <span class='ocrx_word' id='word_1_149' title='bbox 536 1854 574 1914; x_wconf 90' lang='lat' dir='ltr'><strong>ad</strong></span> <span class='ocrx_word' id='word_1_150' title='bbox 605 1860 722 1932; x_wconf 91' lang='lat' dir='ltr'><strong>tempus</strong></span> <span class='ocrx_word' id='word_1_151' title='bbox 753 1853 887 1914; x_wconf 88' lang='lat' dir='ltr'><strong>martirii</strong></span> <span class='ocrx_word' id='word_1_152' title='bbox 921 1855 1128 1930; x_wconf 90' lang='lat' dir='ltr'><strong>apostolorum</strong></span> <span class='ocrx_word' id='word_1_153' title='bbox 1158 1853 1243 1914; x_wconf 89' lang='lat' dir='ltr'><strong>Petri</strong></span> <span class='ocrx_word' id='word_1_154' title='bbox 1275 1863 1307 1914; x_wconf 89' lang='lat' dir='ltr'><strong>et</strong></span> 
     </span>
     <span class='ocr_line' id='line_1_20' title="bbox 158 1940 1305 2021; baseline -0.001 -21"><span class='ocrx_word' id='word_1_155' title='bbox 158 1942 255 2013; x_wconf 86' lang='lat' dir='ltr'><strong>Pauli,</strong></span> <span class='ocrx_word' id='word_1_156' title='bbox 279 1940 331 2001; x_wconf 91' lang='lat' dir='ltr'><strong>ubi</strong></span> <span class='ocrx_word' id='word_1_157' title='bbox 355 1961 422 2002; x_wconf 93' lang='lat' dir='ltr'><strong>eum</strong></span> <span class='ocrx_word' id='word_1_158' title='bbox 446 1962 483 2002; x_wconf 86' lang='lat' dir='ltr'><strong>ex</strong></span> <span class='ocrx_word' id='word_1_159' title='bbox 506 1942 630 2019; x_wconf 86' lang='lat' dir='ltr'><strong>vulgari</strong></span> <span class='ocrx_word' id='word_1_160' title='bbox 654 1941 796 2021; x_wconf 90' lang='lat' dir='ltr'><strong>opinione</strong></span> <span class='ocrx_word' id='word_1_161' title='bbox 820 1940 1042 2018; x_wconf 90' lang='lat' dir='ltr'><strong>aliquantulum</strong></span> <span class='ocrx_word' id='word_1_162' title='bbox 1058 1941 1222 2019; x_wconf 83' lang='lat' dir='ltr'><strong>impegisse</strong></span> <span class='ocrx_word' id='word_1_163' title='bbox 1245 1960 1305 1999; x_wconf 92' lang='lat' dir='ltr'><strong>non</strong></span> 
     </span>
     <span class='ocr_line' id='line_1_21' title="bbox 158 2028 1342 2089; baseline -0.005 -1"><span class='ocrx_word' id='word_1_164' title='bbox 158 2028 284 2088; x_wconf 86' lang='lat' dir='ltr'><strong>dubium</strong></span> <span class='ocrx_word' id='word_1_165' title='bbox 308 2033 363 2089; x_wconf 89' lang='lat' dir='ltr'><strong>est.</strong></span> <span class='ocrx_word' id='word_1_166' title='bbox 1315 2041 1342 2083; x_wconf 87' lang='lat'><strong>20</strong></span> 
     </span>
    </p>

    <p class='ocr_par' dir='ltr' id='par_1_3' title="bbox 162 2113 1304 2279">
     <span class='ocr_line' id='line_1_22' title="bbox 244 2113 1304 2192; baseline -0.001 -19"><span class='ocrx_word' id='word_1_167' title='bbox 244 2116 283 2174; x_wconf 87' lang='grc' dir='ltr'><strong>Ι).</strong></span> <span class='ocrx_word' id='word_1_168' title='bbox 307 2116 430 2174; x_wconf 87' lang='lat' dir='ltr'><strong>‘Beatus</strong></span> <span class='ocrx_word' id='word_1_169' title='bbox 462 2115 514 2192; x_wconf 90' lang='lat' dir='ltr'><strong>qui</strong></span> <span class='ocrx_word' id='word_1_170' title='bbox 540 2135 601 2176; x_wconf 91' lang='lat' dir='ltr'><strong>non</strong></span> <span class='ocrx_word' id='word_1_171' title='bbox 632 2113 763 2176; x_wconf 86' lang='lat' dir='ltr'><strong>offendit</strong></span> <span class='ocrx_word' id='word_1_172' title='bbox 794 2114 828 2173; x_wconf 93' lang='lat' dir='ltr'><strong>in</strong></span> <span class='ocrx_word' id='word_1_173' title='bbox 858 2113 969 2186; x_wconf 83' lang='lat' dir='ltr'><strong>verbo&#39;,</strong></span> <span class='ocrx_word' id='word_1_174' title='bbox 1007 2113 1059 2174; x_wconf 90' lang='lat' dir='ltr'><strong>sed</strong></span> <span class='ocrx_word' id='word_1_175' title='bbox 1090 2113 1304 2192; x_wconf 89' lang='lat' dir='ltr'><strong>impactionem</strong></span> 
     </span>
     <span class='ocr_line' id='line_1_23' title="bbox 162 2201 477 2279; baseline 0.003 -19"><span class='ocrx_word' id='word_1_176' title='bbox 162 2201 252 2261; x_wconf 90' lang='lat' dir='ltr'><strong>istam</strong></span> <span class='ocrx_word' id='word_1_177' title='bbox 276 2202 355 2261; x_wconf 88' lang='lat' dir='ltr'><strong>scire</strong></span> <span class='ocrx_word' id='word_1_178' title='bbox 377 2202 477 2279; x_wconf 91' lang='lat' dir='ltr'><strong>cupio.</strong></span> 
     </span>
    </p>

    <p class='ocr_par' dir='ltr' id='par_1_4' title="bbox 156 2287 1341 2629">
     <span class='ocr_line' id='line_1_24' title="bbox 246 2287 1305 2366; baseline 0.003 -19"><span class='ocrx_word' id='word_1_179' title='bbox 246 2289 288 2348; x_wconf 86' lang='grc' dir='ltr'><strong>Μ.</strong></span> <span class='ocrx_word' id='word_1_180' title='bbox 312 2287 403 2365; x_wconf 78' lang='lat' dir='ltr'><strong>Quod</strong></span> <span class='ocrx_word' id='word_1_181' title='bbox 419 2288 609 2366; x_wconf 85' lang='lat' dir='ltr'><strong>temporibus</strong></span> <span class='ocrx_word' id='word_1_182' title='bbox 623 2289 751 2348; x_wconf 90' lang='lat' dir='ltr'><strong>multum</strong></span> <span class='ocrx_word' id='word_1_183' title='bbox 767 2288 980 2349; x_wconf 86' lang='lat' dir='ltr'><strong>differentibus</strong></span> <span class='ocrx_word' id='word_1_184' title='bbox 997 2288 1168 2365; x_wconf 89' lang='lat' dir='ltr'><strong>passionem</strong></span> <span class='ocrx_word' id='word_1_185' title='bbox 1185 2295 1305 2366; x_wconf 88' lang='lat' dir='ltr'><strong>aposto·</strong></span> 
     </span>
     <span class='ocr_line' id='line_1_25' title="bbox 156 2375 1304 2453; baseline 0.002 -19"><span class='ocrx_word' id='word_1_186' title='bbox 156 2375 254 2435; x_wconf 92' lang='lat' dir='ltr'><strong>lorum</strong></span> <span class='ocrx_word' id='word_1_187' title='bbox 279 2376 412 2453; x_wconf 87' lang='lat' dir='ltr'><strong>partitus</strong></span> <span class='ocrx_word' id='word_1_188' title='bbox 436 2382 483 2435; x_wconf 91' lang='lat' dir='ltr'><strong>est</strong></span> <span class='ocrx_word' id='word_1_189' title='bbox 503 2375 605 2436; x_wconf 90' lang='lat' dir='ltr'><strong>dicens</strong></span> <span class='ocrx_word' id='word_1_190' title='bbox 628 2396 687 2437; x_wconf 91' lang='lat' dir='ltr'><strong>uuo</strong></span> <span class='ocrx_word' id='word_1_191' title='bbox 712 2375 760 2436; x_wconf 90' lang='lat' dir='ltr'><strong>die</strong></span> <span class='ocrx_word' id='word_1_192' title='bbox 776 2378 901 2436; x_wconf 90' lang='lat' dir='ltr'><strong>Petrum</strong></span> <span class='ocrx_word' id='word_1_193' title='bbox 925 2375 1045 2453; x_wconf 87' lang='lat' dir='ltr'><strong>quidem</strong></span> <span class='ocrx_word' id='word_1_194' title='bbox 1066 2375 1148 2435; x_wconf 89' lang='lat' dir='ltr'><strong>cruci</strong></span> <span class='ocrx_word' id='word_1_195' title='bbox 1171 2378 1304 2443; x_wconf 81' lang='lat' dir='ltr'><strong>affixum,</strong></span> 
     </span>
     <span class='ocr_line' id='line_1_26' title="bbox 156 2461 1341 2534; baseline 0.001 -12"><span class='ocrx_word' id='word_1_196' title='bbox 156 2461 210 2523; x_wconf 89' lang='lat' dir='ltr'><strong>sed</strong></span> <span class='ocrx_word' id='word_1_197' title='bbox 232 2463 370 2523; x_wconf 90' lang='lat' dir='ltr'><strong>revoluto</strong></span> <span class='ocrx_word' id='word_1_198' title='bbox 399 2463 472 2523; x_wconf 90' lang='lat' dir='ltr'><strong>anni</strong></span> <span class='ocrx_word' id='word_1_199' title='bbox 500 2461 614 2523; x_wconf 91' lang='lat' dir='ltr'><strong>circulo</strong></span> <span class='ocrx_word' id='word_1_200' title='bbox 644 2462 749 2523; x_wconf 90' lang='lat' dir='ltr'><strong>eodem</strong></span> <span class='ocrx_word' id='word_1_201' title='bbox 773 2464 822 2523; x_wconf 89' lang='lat' dir='ltr'><strong>die</strong></span> <span class='ocrx_word' id='word_1_202' title='bbox 846 2462 975 2523; x_wconf 88' lang='lat' dir='ltr'><strong>Paulum</strong></span> <span class='ocrx_word' id='word_1_203' title='bbox 999 2461 1202 2534; x_wconf 84' lang='lat' dir='ltr'><strong>decollatum,</strong></span> <span class='ocrx_word' id='word_1_204' title='bbox 1238 2472 1341 2523; x_wconf 81' lang='lat' dir='ltr'><strong>cum25</strong></span> 
     </span>
     <span class='ocr_line' id='line_1_27' title="bbox 157 2548 1305 2629; baseline -0.001 -18"><span class='ocrx_word' id='word_1_205' title='bbox 157 2549 317 2611; x_wconf 86' lang='lat' dir='ltr'><strong>verissima</strong></span> <span class='ocrx_word' id='word_1_206' title='bbox 327 2550 446 2609; x_wconf 87' lang='lat' dir='ltr'><strong>ratione</strong></span> <span class='ocrx_word' id='word_1_207' title='bbox 457 2549 592 2610; x_wconf 88' lang='lat' dir='ltr'><strong>affirmet</strong></span> <span class='ocrx_word' id='word_1_208' title='bbox 601 2550 762 2624; x_wconf 86' lang='lat' dir='ltr'><strong>Eusebius,</strong></span> <span class='ocrx_word' id='word_1_209' title='bbox 771 2550 904 2629; x_wconf 90' lang='lat' dir='ltr'><strong>scriptor</strong></span> <span class='ocrx_word' id='word_1_210' title='bbox 918 2548 1144 2610; x_wconf 89' lang='lat' dir='ltr'><strong>ecclesiasticae</strong></span> <span class='ocrx_word' id='word_1_211' title='bbox 1157 2550 1305 2611; x_wconf 88' lang='lat' dir='ltr'><strong>historiae</strong></span> 
     </span>
    </p>
   </div>
   <div class='ocr_carea' id='block_1_3' title="bbox 229 2720 1040 2791">
    <p class='ocr_par' dir='ltr' id='par_1_5' title="bbox 229 2720 1040 2791">
     <span class='ocr_line' id='line_1_28' title="bbox 229 2720 1040 2791; baseline 0.002 -19"><span class='ocrx_word' id='word_1_212' title='bbox 229 2720 272 2789; x_wconf 85' lang='lat'><strong>11]</strong></span> <span class='ocrx_word' id='word_1_213' title='bbox 291 2721 349 2773; x_wconf 91' lang='lat' dir='ltr'><strong>eius</strong></span> <span class='ocrx_word' id='word_1_214' title='bbox 368 2724 422 2774; x_wconf 88' lang='lat' dir='ltr'><strong>est</strong></span> <span class='ocrx_word' id='word_1_215' title='bbox 440 2723 491 2774; x_wconf 90' lang='lat' dir='ltr'><strong>act.</strong></span> <span class='ocrx_word' id='word_1_216' title='bbox 511 2737 551 2791; x_wconf 88' lang='lat' dir='ltr'><strong>ap.</strong></span> <span class='ocrx_word' id='word_1_217' title='bbox 572 2725 643 2774; x_wconf 89' lang='lat' dir='ltr'><strong>sunt.</strong></span> <span class='ocrx_word' id='word_1_218' title='bbox 794 2727 823 2765; x_wconf 81' lang='lat'><strong>17</strong></span> <span class='ocrx_word' id='word_1_219' title='bbox 833 2721 929 2789; x_wconf 88' lang='lat' dir='ltr'><strong>officit]</strong></span> <span class='ocrx_word' id='word_1_220' title='bbox 949 2720 1040 2774; x_wconf 84' lang='lat' dir='ltr'><strong>efficit.</strong></span> 
     </span>
    </p>
   </div>
   <div class='ocr_carea' id='block_1_4' title="bbox 154 2873 1306 4049">
    <p class='ocr_par' dir='ltr' id='par_1_6' title="bbox 154 2873 1306 3826">
     <span class='ocr_line' id='line_1_29' title="bbox 249 2873 1304 2942; baseline 0.002 -16"><span class='ocrx_word' id='word_1_221' title='bbox 249 2874 273 2942; x_wconf 84' lang='lat'><strong>1]</strong></span> <span class='ocrx_word' id='word_1_222' title='bbox 292 2891 326 2926; x_wconf 87' lang='lat' dir='ltr'><strong>zu</strong></span> <span class='ocrx_word' id='word_1_223' title='bbox 350 2874 450 2926; x_wconf 89' lang='lat' dir='ltr'><strong>Arator</strong></span> <span class='ocrx_word' id='word_1_224' title='bbox 473 2873 528 2939; x_wconf 86' lang='lat' dir='ltr'><strong>vgl.</strong></span> <span class='ocrx_word' id='word_1_225' title='bbox 555 2874 596 2927; x_wconf 89' lang='lat' dir='ltr'><strong>die</strong></span> <span class='ocrx_word' id='word_1_226' title='bbox 622 2873 685 2926; x_wconf 89' lang='lat' dir='ltr'><strong>sehr</strong></span> <span class='ocrx_word' id='word_1_227' title='bbox 709 2873 812 2928; x_wconf 87' lang='lat' dir='ltr'><strong>kurzen</strong></span> <span class='ocrx_word' id='word_1_228' title='bbox 836 2874 943 2927; x_wconf 88' lang='lat' dir='ltr'><strong>Artikel</strong></span> <span class='ocrx_word' id='word_1_229' title='bbox 965 2875 1009 2927; x_wconf 90' lang='lat' dir='ltr'><strong>bei</strong></span> <span class='ocrx_word' id='word_1_230' title='bbox 1034 2873 1105 2940; x_wconf 77' lang='lat' dir='ltr'><strong>Sigb.</strong></span> <span class='ocrx_word' id='word_1_231' title='bbox 1133 2873 1238 2927; x_wconf 83' lang='lat' dir='ltr'><strong>Gembl.</strong></span> <span class='ocrx_word' id='word_1_232' title='bbox 1263 2874 1304 2935; x_wconf 82' lang='lat'><strong>38,</strong></span> 
     </span>
     <span class='ocr_line' id='line_1_30' title="bbox 160 2942 1304 3012; baseline 0.001 -16"><span class='ocrx_word' id='word_1_233' title='bbox 160 2944 247 2996; x_wconf 87' lang='lat' dir='ltr'><strong>Anon.</strong></span> <span class='ocrx_word' id='word_1_234' title='bbox 267 2942 340 2995; x_wconf 90' lang='lat' dir='ltr'><strong>Mell.</strong></span> <span class='ocrx_word' id='word_1_235' title='bbox 362 2943 401 2995; x_wconf 81' lang='lat'><strong>17.</strong></span> <span class='ocrx_word' id='word_1_236' title='bbox 440 2942 613 3007; x_wconf 82' lang='lat' dir='ltr'><strong>Trithemius,</strong></span> <span class='ocrx_word' id='word_1_237' title='bbox 633 2943 725 3012; x_wconf 80' lang='lat' dir='ltr'><strong>script.</strong></span> <span class='ocrx_word' id='word_1_238' title='bbox 745 2944 810 2997; x_wconf 89' lang='lat' dir='ltr'><strong>eccl.</strong></span> <span class='ocrx_word' id='word_1_239' title='bbox 829 2943 879 2996; x_wconf 87' lang='grc'><strong>213</strong></span> <span class='ocrx_word' id='word_1_240' title='bbox 897 2944 1009 2996; x_wconf 90' lang='lat' dir='ltr'><strong>benutzt</strong></span> <span class='ocrx_word' id='word_1_241' title='bbox 1028 2943 1236 3009; x_wconf 78' lang='lat' dir='ltr'><strong>Bemerkungen</strong></span> <span class='ocrx_word' id='word_1_242' title='bbox 1255 2960 1304 2997; x_wconf 87' lang='lat' dir='ltr'><strong>aas</strong></span> 
     </span>
     <span class='ocr_line' id='line_1_31' title="bbox 161 3010 1304 3074; baseline 0 -9"><span class='ocrx_word' id='word_1_243' title='bbox 161 3013 235 3066; x_wconf 89' lang='lat' dir='ltr'><strong>einer</strong></span> <span class='ocrx_word' id='word_1_244' title='bbox 256 3011 408 3073; x_wconf 71' lang='lat' dir='ltr'><strong>Aratorhs,</strong></span> <span class='ocrx_word' id='word_1_245' title='bbox 436 3011 486 3063; x_wconf 90' lang='lat' dir='ltr'><strong>wie</strong></span> <span class='ocrx_word' id='word_1_246' title='bbox 515 3010 554 3064; x_wconf 87' lang='lat' dir='ltr'><strong>sie</strong></span> <span class='ocrx_word' id='word_1_247' title='bbox 583 3012 652 3065; x_wconf 89' lang='lat' dir='ltr'><strong>auch</strong></span> <span class='ocrx_word' id='word_1_248' title='bbox 679 3012 717 3065; x_wconf 91' lang='lat' dir='ltr'><strong>im</strong></span> <span class='ocrx_word' id='word_1_249' title='bbox 741 3013 887 3066; x_wconf 89' lang='lat' dir='ltr'><strong>Beruensis</strong></span> <span class='ocrx_word' id='word_1_250' title='bbox 913 3012 963 3065; x_wconf 88' lang='grc'><strong>286</strong></span> <span class='ocrx_word' id='word_1_251' title='bbox 992 3029 1013 3064; x_wconf 88' lang='lat' dir='ltr'><strong>s.</strong></span> <span class='ocrx_word' id='word_1_252' title='bbox 1041 3012 1086 3064; x_wconf 88' lang='lat' dir='ltr'><strong>XI.</strong></span> <span class='ocrx_word' id='word_1_253' title='bbox 1112 3011 1223 3074; x_wconf 88' lang='lat' dir='ltr'><strong>stehen,</strong></span> <span class='ocrx_word' id='word_1_254' title='bbox 1253 3012 1304 3065; x_wconf 91' lang='lat' dir='ltr'><strong>den</strong></span> 
     </span>
     <span class='ocr_line' id='line_1_32' title="bbox 160 3080 1305 3151; baseline 0 -17"><span class='ocrx_word' id='word_1_255' title='bbox 160 3082 287 3145; x_wconf 84' lang='lat' dir='ltr'><strong>Hoerner,</strong></span> <span class='ocrx_word' id='word_1_256' title='bbox 307 3081 419 3133; x_wconf 88' lang='lat' dir='ltr'><strong>Wiener</strong></span> <span class='ocrx_word' id='word_1_257' title='bbox 437 3080 512 3134; x_wconf 86' lang='lat' dir='ltr'><strong>Stud.</strong></span> <span class='ocrx_word' id='word_1_258' title='bbox 532 3081 565 3144; x_wconf 88' lang='grc' dir='ltr'><strong>ΙΙ,</strong></span> <span class='ocrx_word' id='word_1_259' title='bbox 587 3080 661 3144; x_wconf 79' lang='grc'><strong>1880,</strong></span> <span class='ocrx_word' id='word_1_260' title='bbox 681 3081 707 3134; x_wconf 85' lang='lat' dir='ltr'><strong>S.</strong></span> <span class='ocrx_word' id='word_1_261' title='bbox 728 3082 760 3134; x_wconf 81' lang='lat'><strong>79</strong></span> <span class='ocrx_word' id='word_1_262' title='bbox 779 3082 944 3151; x_wconf 84' lang='lat' dir='ltr'><strong>exnerpiert;</strong></span> <span class='ocrx_word' id='word_1_263' title='bbox 964 3080 1305 3134; x_wconf 76' lang='lat' dir='ltr'><strong>ahnlicheHss.v.Reims</strong></span> 
     </span>
     <span class='ocr_line' id='line_1_33' title="bbox 160 3149 1305 3216; baseline 0 -14"><span class='ocrx_word' id='word_1_264' title='bbox 160 3151 215 3203; x_wconf 92' lang='lat' dir='ltr'><strong>und</strong></span> <span class='ocrx_word' id='word_1_265' title='bbox 234 3149 395 3216; x_wconf 85' lang='lat' dir='ltr'><strong>Cambridge</strong></span> <span class='ocrx_word' id='word_1_266' title='bbox 414 3149 500 3202; x_wconf 90' lang='lat' dir='ltr'><strong>findet</strong></span> <span class='ocrx_word' id='word_1_267' title='bbox 517 3167 580 3202; x_wconf 89' lang='lat' dir='ltr'><strong>man</strong></span> <span class='ocrx_word' id='word_1_268' title='bbox 599 3150 724 3204; x_wconf 78' lang='lat' dir='ltr'><strong>erwahnt</strong></span> <span class='ocrx_word' id='word_1_269' title='bbox 741 3151 784 3204; x_wconf 88' lang='lat' dir='ltr'><strong>bei</strong></span> <span class='ocrx_word' id='word_1_270' title='bbox 802 3150 950 3213; x_wconf 85' lang='lat' dir='ltr'><strong>Fabricius,</strong></span> <span class='ocrx_word' id='word_1_271' title='bbox 968 3149 1031 3203; x_wconf 89' lang='lat' dir='ltr'><strong>bibl.</strong></span> <span class='ocrx_word' id='word_1_272' title='bbox 1052 3149 1117 3202; x_wconf 92' lang='lat' dir='ltr'><strong>eccl.</strong></span> <span class='ocrx_word' id='word_1_273' title='bbox 1136 3150 1164 3202; x_wconf 93' lang='lat' dir='ltr'><strong>in</strong></span> <span class='ocrx_word' id='word_1_274' title='bbox 1183 3150 1233 3203; x_wconf 88' lang='lat' dir='ltr'><strong>den</strong></span> <span class='ocrx_word' id='word_1_275' title='bbox 1251 3150 1305 3202; x_wconf 86' lang='lat' dir='ltr'><strong>An-</strong></span> 
     </span>
     <span class='ocr_line' id='line_1_34' title="bbox 161 3218 1304 3288; baseline 0 -16"><span class='ocrx_word' id='word_1_276' title='bbox 161 3220 329 3286; x_wconf 87' lang='lat' dir='ltr'><strong>merkungen</strong></span> <span class='ocrx_word' id='word_1_277' title='bbox 344 3237 378 3271; x_wconf 84' lang='lat' dir='ltr'><strong>zu</strong></span> <span class='ocrx_word' id='word_1_278' title='bbox 396 3219 448 3271; x_wconf 88' lang='lat' dir='ltr'><strong>den</strong></span> <span class='ocrx_word' id='word_1_279' title='bbox 466 3219 569 3272; x_wconf 87' lang='lat' dir='ltr'><strong>betreff.</strong></span> <span class='ocrx_word' id='word_1_280' title='bbox 582 3219 710 3288; x_wconf 86' lang='lat' dir='ltr'><strong>Kapiteln</strong></span> <span class='ocrx_word' id='word_1_281' title='bbox 729 3221 776 3273; x_wconf 89' lang='lat' dir='ltr'><strong>des</strong></span> <span class='ocrx_word' id='word_1_282' title='bbox 790 3219 862 3286; x_wconf 84' lang='lat' dir='ltr'><strong>Sigb.</strong></span> <span class='ocrx_word' id='word_1_283' title='bbox 873 3219 976 3273; x_wconf 83' lang='lat' dir='ltr'><strong>Gembl.</strong></span> <span class='ocrx_word' id='word_1_284' title='bbox 995 3218 1051 3271; x_wconf 92' lang='lat' dir='ltr'><strong>und</strong></span> <span class='ocrx_word' id='word_1_285' title='bbox 1070 3218 1117 3272; x_wconf 89' lang='lat' dir='ltr'><strong>des</strong></span> <span class='ocrx_word' id='word_1_286' title='bbox 1130 3218 1304 3272; x_wconf 87' lang='lat' dir='ltr'><strong>Trithemius.</strong></span> 
     </span>
     <span class='ocr_line' id='line_1_35' title="bbox 160 3287 1306 3358; baseline 0 -17"><span class='ocrx_word' id='word_1_287' title='bbox 160 3319 194 3326; x_wconf 88' lang='lat'><em>-</em></span> <span class='ocrx_word' id='word_1_288' title='bbox 211 3288 246 3341; x_wconf 81' lang='grc' dir='ltr'><strong>Τί</strong></span> <span class='ocrx_word' id='word_1_289' title='bbox 264 3288 310 3341; x_wconf 76' lang='lat' dir='ltr'><strong>T2:</strong></span> <span class='ocrx_word' id='word_1_290' title='bbox 329 3293 433 3341; x_wconf 80' lang='lat' dir='ltr'><strong>Arator</strong></span> <span class='ocrx_word' id='word_1_291' title='bbox 451 3288 500 3341; x_wconf 82' lang='lat' dir='ltr'><strong>istc</strong></span> <span class='ocrx_word' id='word_1_292' title='bbox 516 3303 710 3357; x_wconf 29' lang='lat' dir='ltr'><strong>papantis&amp;</strong></span> <span class='ocrx_word' id='word_1_293' title='bbox 730 3290 760 3341; x_wconf 82' lang='lat' dir='ltr'><strong>ia</strong></span> <span class='ocrx_word' id='word_1_294' title='bbox 778 3294 893 3358; x_wconf 77' lang='lat' dir='ltr'><strong>tempore</strong></span> <span class='ocrx_word' id='word_1_295' title='bbox 910 3303 972 3341; x_wconf 81' lang='lat' dir='ltr'><strong>aero</strong></span> <span class='ocrx_word' id='word_1_296' title='bbox 986 3287 1087 3356; x_wconf 75' lang='lat' dir='ltr'><strong>Vipdia&#39;</strong></span> <span class='ocrx_word' id='word_1_297' title='bbox 1095 3302 1187 3355; x_wconf 80' lang='lat' dir='ltr'><strong>popae</strong></span> <span class='ocrx_word' id='word_1_298' title='bbox 1200 3288 1306 3341; x_wconf 84' lang='lat' dir='ltr'><strong>obsessa</strong></span> 
     </span>
     <span class='ocr_line' id='line_1_36' title="bbox 160 3356 1304 3426; baseline 0.001 -18"><span class='ocrx_word' id='word_1_299' title='bbox 160 3362 199 3410; x_wconf 84' lang='lat' dir='ltr'><strong>eat</strong></span> <span class='ocrx_word' id='word_1_300' title='bbox 217 3360 303 3410; x_wconf 72' lang='lat' dir='ltr'><strong>[torisa</strong></span> <span class='ocrx_word' id='word_1_301' title='bbox 328 3374 345 3410; x_wconf 88' lang='lat' dir='ltr'><strong>a</strong></span> <span class='ocrx_word' id='word_1_302' title='bbox 370 3356 538 3410; x_wconf 80' lang='lat' dir='ltr'><strong>Theoderico</strong></span> <span class='ocrx_word' id='word_1_303' title='bbox 562 3372 623 3424; x_wconf 76' lang='lat' dir='ltr'><strong>repe</strong></span> <span class='ocrx_word' id='word_1_304' title='bbox 646 3356 807 3422; x_wconf 77' lang='lat' dir='ltr'><strong>Gothorau23</strong></span> <span class='ocrx_word' id='word_1_305' title='bbox 840 3358 959 3426; x_wconf 75' lang='lat' dir='ltr'><strong>leilias</strong></span> <span class='ocrx_word' id='word_1_306' title='bbox 983 3362 1072 3410; x_wconf 83' lang='lat' dir='ltr'><strong>autem</strong></span> <span class='ocrx_word' id='word_1_307' title='bbox 1096 3357 1224 3410; x_wconf 81' lang='lat' dir='ltr'><strong>liberavit</strong></span> <span class='ocrx_word' id='word_1_308' title='bbox 1248 3372 1304 3424; x_wconf 82' lang='lat' dir='ltr'><strong>eoa,·</strong></span> 
     </span>
     <span class='ocr_line' id='line_1_37' title="bbox 158 3425 1304 3494; baseline 0.003 -17"><span class='ocrx_word' id='word_1_309' title='bbox 158 3443 202 3477; x_wconf 58' lang='grc' dir='ltr'><em>μ</em></span> <span class='ocrx_word' id='word_1_310' title='bbox 220 3426 250 3478; x_wconf 81' lang='lat' dir='ltr'><strong>a&#39;u</strong></span> <span class='ocrx_word' id='word_1_311' title='bbox 268 3427 354 3479; x_wconf 82' lang='lat' dir='ltr'><strong>tantis</strong></span> <span class='ocrx_word' id='word_1_312' title='bbox 371 3427 487 3494; x_wconf 79' lang='lat' dir='ltr'><strong>profecit</strong></span> <span class='ocrx_word' id='word_1_313' title='bbox 503 3425 663 3490; x_wconf 79' lang='lat' dir='ltr'><strong>uirtutibus,</strong></span> <span class='ocrx_word' id='word_1_314' title='bbox 689 3427 759 3494; x_wconf 76' lang='lat' dir='ltr'><strong>quod</strong></span> <span class='ocrx_word' id='word_1_315' title='bbox 782 3428 875 3491; x_wconf 80' lang='lat' dir='ltr'><strong>foetus</strong></span> <span class='ocrx_word' id='word_1_316' title='bbox 899 3432 937 3479; x_wconf 86' lang='lat' dir='ltr'><strong>est</strong></span> <span class='ocrx_word' id='word_1_317' title='bbox 955 3426 1094 3480; x_wconf 84' lang='lat' dir='ltr'><strong>Romanas</strong></span> <span class='ocrx_word' id='word_1_318' title='bbox 1111 3425 1304 3492; x_wconf 80' lang='lat' dir='ltr'><strong>subdiaconus,</strong></span> 
     </span>
     <span class='ocr_line' id='line_1_38' title="bbox 161 3495 1305 3564; baseline 0.002 -16"><span class='ocrx_word' id='word_1_319' title='bbox 161 3495 198 3548; x_wconf 91' lang='lat' dir='ltr'><strong>ad</strong></span> <span class='ocrx_word' id='word_1_320' title='bbox 217 3501 321 3549; x_wconf 81' lang='lat' dir='ltr'><strong>lautam</strong></span> <span class='ocrx_word' id='word_1_321' title='bbox 339 3499 419 3549; x_wconf 77' lang='lat' dir='ltr'><strong>etiam</strong></span> <span class='ocrx_word' id='word_1_322' title='bbox 437 3497 579 3549; x_wconf 80' lang='lat' dir='ltr'><strong>seientiam</strong></span> <span class='ocrx_word' id='word_1_323' title='bbox 592 3498 726 3564; x_wconf 78' lang='lat' dir='ltr'><strong>peruenit,</strong></span> <span class='ocrx_word' id='word_1_324' title='bbox 745 3496 819 3564; x_wconf 75' lang='lat' dir='ltr'><strong>quod</strong></span> <span class='ocrx_word' id='word_1_325' title='bbox 837 3497 908 3549; x_wconf 71' lang='lat' dir='ltr'><strong>hatte</strong></span> <span class='ocrx_word' id='word_1_326' title='bbox 926 3495 1024 3549; x_wconf 83' lang='grc'><strong>1111111111</strong></span> <span class='ocrx_word' id='word_1_327' title='bbox 1043 3495 1206 3562; x_wconf 79' lang='lat' dir='ltr'><strong>composatt3</strong></span> <span class='ocrx_word' id='word_1_328' title='bbox 1224 3513 1268 3547; x_wconf 57' lang='grc' dir='ltr'><em>μ</em></span> <span class='ocrx_word' id='word_1_329' title='bbox 1280 3501 1305 3550; x_wconf 86' lang='lat' dir='ltr'><strong>et</strong></span> 
     </span>
     <span class='ocr_line' id='line_1_39' title="bbox 157 3564 1305 3635; baseline 0.002 -18"><span class='ocrx_word' id='word_1_330' title='bbox 157 3565 228 3628; x_wconf 71' lang='lat' dir='ltr'><strong>facit</strong></span> <span class='ocrx_word' id='word_1_331' title='bbox 252 3565 323 3617; x_wconf 83' lang='lat' dir='ltr'><strong>duas</strong></span> <span class='ocrx_word' id='word_1_332' title='bbox 346 3565 478 3632; x_wconf 81' lang='lat' dir='ltr'><strong>epistulas</strong></span> <span class='ocrx_word' id='word_1_333' title='bbox 500 3565 598 3632; x_wconf 78' lang='lat' dir='ltr'><strong>quibas</strong></span> <span class='ocrx_word' id='word_1_334' title='bbox 619 3566 708 3619; x_wconf 80' lang='lat' dir='ltr'><strong>utitur</strong></span> <span class='ocrx_word' id='word_1_335' title='bbox 729 3567 858 3635; x_wconf 67' lang='lat' dir='ltr'><strong>prologo,</strong></span> <span class='ocrx_word' id='word_1_336' title='bbox 880 3581 965 3618; x_wconf 79' lang='lat' dir='ltr'><strong>auam</strong></span> <span class='ocrx_word' id='word_1_337' title='bbox 985 3564 1122 3618; x_wconf 76' lang='lat' dir='ltr'><strong>Floriano</strong></span> <span class='ocrx_word' id='word_1_338' title='bbox 1140 3564 1248 3631; x_wconf 80' lang='lat' dir='ltr'><strong>abbati,</strong></span> <span class='ocrx_word' id='word_1_339' title='bbox 1273 3570 1305 3620; x_wconf 83' lang='lat' dir='ltr'><strong>at</strong></span> 
     </span>
     <span class='ocr_line' id='line_1_40' title="bbox 160 3633 1304 3704; baseline 0 -17"><span class='ocrx_word' id='word_1_340' title='bbox 160 3639 234 3687; x_wconf 86' lang='lat' dir='ltr'><strong>tauto</strong></span> <span class='ocrx_word' id='word_1_341' title='bbox 259 3635 451 3701; x_wconf 77' lang='lat' dir='ltr'><strong>acceptabilior</strong></span> <span class='ocrx_word' id='word_1_342' title='bbox 474 3634 511 3688; x_wconf 83' lang='lat' dir='ltr'><strong>sit</strong></span> <span class='ocrx_word' id='word_1_343' title='bbox 535 3651 595 3688; x_wconf 85' lang='lat' dir='ltr'><strong>cam</strong></span> <span class='ocrx_word' id='word_1_344' title='bbox 618 3635 690 3702; x_wconf 78' lang='lat' dir='ltr'><strong>tepet</strong></span> <span class='ocrx_word' id='word_1_345' title='bbox 707 3651 766 3688; x_wconf 75' lang='lat' dir='ltr'><strong>auur·</strong></span> <span class='ocrx_word' id='word_1_346' title='bbox 784 3640 877 3689; x_wconf 78' lang='lat' dir='ltr'><strong>tantas</strong></span> <span class='ocrx_word' id='word_1_347' title='bbox 893 3634 950 3700; x_wconf 84' lang='lat' dir='ltr'><strong>uir,</strong></span> <span class='ocrx_word' id='word_1_348' title='bbox 979 3637 1093 3688; x_wconf 77' lang='lat' dir='ltr'><strong>azaram</strong></span> <span class='ocrx_word' id='word_1_349' title='bbox 1107 3633 1180 3696; x_wconf 81' lang='lat' dir='ltr'><strong>facit</strong></span> <span class='ocrx_word' id='word_1_350' title='bbox 1201 3634 1304 3704; x_wconf 77' lang='lat' dir='ltr'><strong>Vipdio</strong></span> 
     </span>
     <span class='ocr_line' id='line_1_41' title="bbox 154 3703 1079 3826; baseline -0.001 -70"><span class='ocrx_word' id='word_1_351' title='bbox 154 3703 394 3825; x_wconf 50' lang='lat' dir='ltr'><strong>papasselapseasbei</strong></span> <span class='ocrx_word' id='word_1_352' title='bbox 411 3709 510 3826; x_wconf 54' lang='lat' dir='ltr'><strong>protege,</strong></span> <span class='ocrx_word' id='word_1_353' title='bbox 523 3703 746 3826; x_wconf 49' lang='lat' dir='ltr'><strong>ffodssllberaoit</strong></span> <span class='ocrx_word' id='word_1_354' title='bbox 763 3721 822 3757; x_wconf 86' lang='lat' dir='ltr'><strong>eam</strong></span> <span class='ocrx_word' id='word_1_355' title='bbox 841 3719 859 3756; x_wconf 88' lang='lat' dir='ltr'><strong>a</strong></span> <span class='ocrx_word' id='word_1_356' title='bbox 876 3710 957 3758; x_wconf 82' lang='lat' dir='ltr'><strong>morte</strong></span> <span class='ocrx_word' id='word_1_357' title='bbox 976 3720 996 3757; x_wconf 87' lang='lat' dir='ltr'><strong>e.</strong></span> <span class='ocrx_word' id='word_1_358' title='bbox 1015 3719 1038 3771; x_wconf 78' lang='lat' dir='ltr'><strong>q.</strong></span> <span class='ocrx_word' id='word_1_359' title='bbox 1057 3719 1079 3755; x_wconf 86' lang='lat' dir='ltr'><strong>s.</strong></span> 
     </span>
    </p>

    <p class='ocr_par' dir='ltr' id='par_1_7' title="bbox 315 3790 625 3838">
     <span class='ocr_line' id='line_1_42' title="bbox 315 3790 625 3838; baseline -0.003 -12"><span class='ocrx_word' id='word_1_360' title='bbox 315 3790 407 3826; x_wconf 90' lang='lat' dir='ltr'><strong>.oen</strong></span> <span class='ocrx_word' id='word_1_361' title='bbox 426 3791 460 3826; x_wconf 91' lang='lat' dir='ltr'><strong>zu</strong></span> <span class='ocrx_word' id='word_1_362' title='bbox 499 3814 504 3826; x_wconf 91' lang='lat'><strong>.</strong></span> <span class='ocrx_word' id='word_1_363' title='bbox 559 3815 565 3838; x_wconf 89' lang='lat'><strong>,</strong></span> <span class='ocrx_word' id='word_1_364' title='bbox 620 3814 625 3825; x_wconf 94' lang='lat'><strong>.</strong></span> 
     </span>
    </p>

    <p class='ocr_par' dir='ltr' id='par_1_8' title="bbox 160 3839 1304 4049">
     <span class='ocr_line' id='line_1_43' title="bbox 232 3839 1304 3911; baseline 0.004 -18"><span class='ocrx_word' id='word_1_365' title='bbox 232 3847 261 3884; x_wconf 79' lang='lat'><strong>24</strong></span> <span class='ocrx_word' id='word_1_366' title='bbox 294 3842 437 3905; x_wconf 83' lang='lat' dir='ltr'><strong>Arator,</strong></span> <span class='ocrx_word' id='word_1_367' title='bbox 457 3843 489 3895; x_wconf 90' lang='lat' dir='ltr'><strong>de</strong></span> <span class='ocrx_word' id='word_1_368' title='bbox 508 3846 559 3895; x_wconf 84' lang='lat' dir='ltr'><strong>act.</strong></span> <span class='ocrx_word' id='word_1_369' title='bbox 579 3845 674 3911; x_wconf 84' lang='lat' dir='ltr'><strong>apost,</strong></span> <span class='ocrx_word' id='word_1_370' title='bbox 692 3839 738 3893; x_wconf 88' lang='lat' dir='ltr'><strong>lib.</strong></span> <span class='ocrx_word' id='word_1_371' title='bbox 757 3839 790 3904; x_wconf 91' lang='lat' dir='ltr'><strong>Il,</strong></span> <span class='ocrx_word' id='word_1_372' title='bbox 809 3839 842 3893; x_wconf 88' lang='lat' dir='ltr'><strong>V.</strong></span> <span class='ocrx_word' id='word_1_373' title='bbox 857 3840 922 3893; x_wconf 83' lang='grc'><strong>1247</strong></span> <span class='ocrx_word' id='word_1_374' title='bbox 936 3840 977 3893; x_wconf 86' lang='lat' dir='ltr'><strong>ff.:</strong></span> <span class='ocrx_word' id='word_1_375' title='bbox 996 3841 1116 3908; x_wconf 75' lang='lat' dir='ltr'><strong>pemiaos</strong></span> <span class='ocrx_word' id='word_1_376' title='bbox 1134 3858 1199 3909; x_wconf 77' lang='lat' dir='ltr'><strong>qaas</strong></span> <span class='ocrx_word' id='word_1_377' title='bbox 1217 3842 1304 3897; x_wconf 78' lang='lat' dir='ltr'><strong>edidit</strong></span> 
     </span>
     <span class='ocr_line' id='line_1_44' title="bbox 160 3909 1303 3981; baseline 0.001 -17"><span class='ocrx_word' id='word_1_378' title='bbox 160 3911 261 3964; x_wconf 68' lang='lat' dir='ltr'><strong>astris*</strong></span> <span class='ocrx_word' id='word_1_379' title='bbox 272 3911 434 3971; x_wconf 72' lang='lat' dir='ltr'><strong>concedam,</strong></span> <span class='ocrx_word' id='word_1_380' title='bbox 453 3916 540 3963; x_wconf 85' lang='lat' dir='ltr'><strong>tamea</strong></span> <span class='ocrx_word' id='word_1_381' title='bbox 559 3926 616 3962; x_wconf 80' lang='grc'><strong>111111</strong></span> <span class='ocrx_word' id='word_1_382' title='bbox 626 3910 692 3972; x_wconf 75' lang='lat' dir='ltr'><strong>dies,</strong></span> <span class='ocrx_word' id='word_1_383' title='bbox 712 3910 829 3976; x_wconf 80' lang='lat' dir='ltr'><strong>annique</strong></span> <span class='ocrx_word' id='word_1_384' title='bbox 847 3909 1081 3977; x_wconf 56' lang='lat' dir='ltr'><strong>iactato-tempore</strong></span> <span class='ocrx_word' id='word_1_385' title='bbox 1098 3912 1303 3981; x_wconf 63' lang='lat' dir='ltr'><strong>sacrocampo-</strong></span> 
     </span>
     <span class='ocr_line' id='line_1_45' title="bbox 161 3977 1135 4049; baseline -0.002 -14"><span class='ocrx_word' id='word_1_386' title='bbox 161 3981 239 4035; x_wconf 83' lang='lat' dir='ltr'><strong>titam</strong></span> <span class='ocrx_word' id='word_1_387' title='bbox 254 3980 350 4049; x_wconf 77' lang='lat' dir='ltr'><strong>passio</strong></span> <span class='ocrx_word' id='word_1_388' title='bbox 369 3981 468 4041; x_wconf 59' lang='lat' dir='ltr'><strong>laecum</strong></span> <span class='ocrx_word' id='word_1_389' title='bbox 486 3980 542 4048; x_wconf 85' lang='lat' dir='ltr'><strong>vgl.</strong></span> <span class='ocrx_word' id='word_1_390' title='bbox 562 3981 603 4033; x_wconf 92' lang='lat' dir='ltr'><strong>die</strong></span> <span class='ocrx_word' id='word_1_391' title='bbox 622 3977 740 4045; x_wconf 84' lang='lat' dir='ltr'><strong>Anmkg.</strong></span> <span class='ocrx_word' id='word_1_392' title='bbox 759 3978 787 4030; x_wconf 90' lang='lat' dir='ltr'><strong>in</strong></span> <span class='ocrx_word' id='word_1_393' title='bbox 805 3980 940 4032; x_wconf 89' lang='lat' dir='ltr'><strong>Arntzens</strong></span> <span class='ocrx_word' id='word_1_394' title='bbox 959 3980 1135 4047; x_wconf 83' lang='lat' dir='ltr'><strong>Aratorausg.</strong></span> 
     </span>
    </p>
   </div>
   <div class='ocr_carea' id='block_1_5' title="bbox 232 4048 1303 4171">
    <p class='ocr_par' dir='ltr' id='par_1_9' title="bbox 232 4048 1303 4171">
     <span class='ocr_line' id='line_1_46' title="bbox 232 4048 1303 4171; baseline 0 -69"><span class='ocrx_word' id='word_1_395' title='bbox 232 4055 262 4092; x_wconf 71' lang='lat'><strong>‘21³</strong></span> <span class='ocrx_word' id='word_1_396' title='bbox 294 4048 436 4112; x_wconf 80' lang='lat' dir='ltr'><strong>Eusebius,</strong></span> <span class='ocrx_word' id='word_1_397' title='bbox 455 4048 518 4103; x_wconf 90' lang='lat' dir='ltr'><strong>hist.</strong></span> <span class='ocrx_word' id='word_1_398' title='bbox 538 4049 603 4103; x_wconf 89' lang='lat' dir='ltr'><strong>eccl.</strong></span> <span class='ocrx_word' id='word_1_399' title='bbox 621 4049 656 4112; x_wconf 90' lang='lat' dir='ltr'><strong>ll,</strong></span> <span class='ocrx_word' id='word_1_400' title='bbox 674 4050 708 4101; x_wconf 85' lang='grc'><strong>25</strong></span> <span class='ocrx_word' id='word_1_401' title='bbox 715 4067 721 4111; x_wconf 92' lang='grc'><strong>;</strong></span> <span class='ocrx_word' id='word_1_402' title='bbox 747 4048 803 4115; x_wconf 85' lang='lat' dir='ltr'><strong>vgl.</strong></span> <span class='ocrx_word' id='word_1_403' title='bbox 822 4048 853 4100; x_wconf 91' lang='lat' dir='ltr'><strong>R.</strong></span> <span class='ocrx_word' id='word_1_404' title='bbox 873 4050 905 4101; x_wconf 90' lang='lat' dir='ltr'><strong>A.</strong></span> <span class='ocrx_word' id='word_1_405' title='bbox 924 4049 1046 4118; x_wconf 81' lang='lat' dir='ltr'><strong>Lipsius,</strong></span> <span class='ocrx_word' id='word_1_406' title='bbox 1065 4050 1108 4103; x_wconf 92' lang='lat' dir='ltr'><strong>die</strong></span> <span class='ocrx_word' id='word_1_407' title='bbox 1127 4049 1303 4171; x_wconf 59' lang='lat' dir='ltr'><strong>alpokryphen</strong></span> 
     </span>
    </p>
   </div>
   <div class='ocr_carea' id='block_1_6' title="bbox 160 4117 1301 4254">
    <p class='ocr_par' dir='ltr' id='par_1_10' title="bbox 160 4117 1301 4254">
     <span class='ocr_line' id='line_1_47' title="bbox 161 4117 1301 4189; baseline 0.001 -17"><span class='ocrx_word' id='word_1_408' title='bbox 161 4118 453 4189; x_wconf 86' lang='lat' dir='ltr'><strong>Apostegeschiehten</strong></span> <span class='ocrx_word' id='word_1_409' title='bbox 472 4118 508 4182; x_wconf 91' lang='lat' dir='ltr'><strong>ll,</strong></span> <span class='ocrx_word' id='word_1_410' title='bbox 536 4119 548 4171; x_wconf 90' lang='lat'>1</span> <span class='ocrx_word' id='word_1_411' title='bbox 575 4118 664 4186; x_wconf 83' lang='grc'><strong>(1887)</strong></span> <span class='ocrx_word' id='word_1_412' title='bbox 689 4118 714 4171; x_wconf 82' lang='lat' dir='ltr'><strong>S.</strong></span> <span class='ocrx_word' id='word_1_413' title='bbox 741 4117 774 4170; x_wconf 85' lang='grc'><strong>23</strong></span> <span class='ocrx_word' id='word_1_414' title='bbox 792 4118 832 4180; x_wconf 89' lang='lat' dir='ltr'><strong>ff.;</strong></span> <span class='ocrx_word' id='word_1_415' title='bbox 857 4117 946 4180; x_wconf 87' lang='lat' dir='ltr'><strong>Thiel,</strong></span> <span class='ocrx_word' id='word_1_416' title='bbox 973 4118 1072 4171; x_wconf 89' lang='lat' dir='ltr'><strong>decret.</strong></span> <span class='ocrx_word' id='word_1_417' title='bbox 1096 4118 1188 4172; x_wconf 82' lang='lat' dir='ltr'><strong>Geas.</strong></span> <span class='ocrx_word' id='word_1_418' title='bbox 1213 4137 1237 4188; x_wconf 83' lang='lat' dir='ltr'><strong>p.</strong></span> <span class='ocrx_word' id='word_1_419' title='bbox 1257 4120 1301 4183; x_wconf 88' lang='grc'><strong>22;</strong></span> 
     </span>
     <span class='ocr_line' id='line_1_48' title="bbox 160 4186 1117 4254; baseline 0.001 -14"><span class='ocrx_word' id='word_1_420' title='bbox 160 4187 300 4241; x_wconf 81' lang='lat' dir='ltr'><strong>Friedrich</strong></span> <span class='ocrx_word' id='word_1_421' title='bbox 318 4189 345 4240; x_wconf 92' lang='lat' dir='ltr'><strong>in</strong></span> <span class='ocrx_word' id='word_1_422' title='bbox 364 4189 415 4241; x_wconf 90' lang='lat' dir='ltr'><strong>den</strong></span> <span class='ocrx_word' id='word_1_423' title='bbox 434 4187 601 4240; x_wconf 81' lang='lat' dir='ltr'><strong>Mhnchener</strong></span> <span class='ocrx_word' id='word_1_424' title='bbox 620 4187 888 4254; x_wconf 83' lang='lat' dir='ltr'><strong>Sitzungsberichten</strong></span> <span class='ocrx_word' id='word_1_425' title='bbox 908 4186 982 4251; x_wconf 89' lang='grc'><strong>1888,</strong></span> <span class='ocrx_word' id='word_1_426' title='bbox 1002 4187 1028 4241; x_wconf 78' lang='lat' dir='ltr'><strong>S.</strong></span> <span class='ocrx_word' id='word_1_427' title='bbox 1047 4187 1079 4240; x_wconf 88' lang='grc'><strong>81</strong></span> <span class='ocrx_word' id='word_1_428' title='bbox 1098 4188 1117 4242; x_wconf 85' lang='lat' dir='ltr'><strong>f.</strong></span> 
     </span>
    </p>
   </div>
   <div class='ocr_carea' id='block_1_7' title="bbox 0 0 1542 4854">
    <p class='ocr_par' dir='ltr' id='par_1_11' title="bbox 0 0 1542 4854">
     <span class='ocr_line' id='line_1_49' title="bbox 0 0 1542 4854; baseline 0 0"><span class='ocrx_word' id='word_1_429' title='bbox 0 0 1542 4854; x_wconf 95' lang='lat' dir='ltr'><strong> </strong></span> 
     </span>
    </p>
   </div>
  </div>
 </body>
</html>
