3074 4854
650 267 862 322 „35-

178 432 282 506 terius,
307 433 410 510 lupum
427 453 498 495 vero
519 434 664 513 superius
688 434 739 494 sed
755 435 859 512 lupum
883 435 1121 496 calumniantem
1143 456 1177 497 ac
1201 438 1325 514 perhoc

180 539 291 596 agnum
315 520 379 579 sina
402 540 493 579 causa
515 521 769 599 strangulantem.

265 606 303 666 Ι).
328 606 577 685 Quandoquidem
598 608 744 667 rationali
767 613 925 668 creaturae
948 609 1082 669 moribus
1098 609 1238 669 devianti
1257 630 1325 670 con·

178 691 258 752 ferre
281 692 403 754 videtur
433 692 605 754 fabularum
638 693 812 755 huiusmodi
835 695 1003 768 contextio,
1035 696 1084 756 vel
1114 696 1205 756 istam
1228 697 1344 758 sclam'
1406 742 1409 747 «

178 781 296 841 resolve
320 779 356 838 de
379 780 451 856 lupo
474 787 505 840 et
528 801 618 858 agno.
1345 807 1359 848 c
1439 819 1443 833 r

264 868 308 929 Μ.
337 867 522 926 Naturarum
560 869 688 928 istarum
723 888 781 929 non
820 888 916 945 parva
957 869 1106 929 distantia
1141 875 1195 943 est,
1224 870 1323 930 altera

179 955 299 1032 quidem
323 953 448 1013 immani
471 954 595 1015 feritate
618 955 756 1030 rabiosa,
776 955 874 1016 altera
896 956 1032 1015 naturali
1056 956 1190 1034 quadam
1210 956 1323 1035 simpli-

178 1043 274 1102 citate
297 1039 448 1117 praedita.

264 1126 303 1187 D.
326 1127 461 1199 Quorum
485 1125 582 1203 igitur
605 1133 716 1203 gerunt
739 1127 994 1188 similitudinem?

265 1215 307 1274 M.
329 1215 492 1291 Raptores,
515 1212 690 1290 praedones,
715 1213 925 1275 heresiarchas
945 1216 1033 1292 lupos
1050 1214 1186 1276 rabiosos
1201 1216 1359 1290 dixerisne

179 1319 304 1377 quorum
336 1321 403 1362 esca
435 1301 518 1361 vitae
543 1300 751 1360 innocentium
782 1301 869 1378 quasi
900 1321 1046 1378 agnorum
1076 1307 1165 1378 sunt,
1196 1324 1256 1364 uon
1285 1305 1322 1364 ob

70 1434 72 1438 .
177 1386 271 1448 aliam
293 1407 413 1448 causam
437 1387 487 1448 vel
509 1385 630 1463 culpam
658 1386 719 1446 nisi
748 1388 820 1466 quia
850 1388 978 1450 maiores
1007 1389 1175 1449 minoribus
1203 1391 1323 1450 malitia

178 1474 227 1535 vel
258 1480 410 1552 potestate
441 1475 618 1552 praevalere
653 1479 797 1550 possunt;
840 1475 892 1535 ubi
920 1475 1000 1536 enirn
1030 1475 1155 1535 additur
1184 1483 1323 1553 potestas

178 1561 328 1636 maliciae,
352 1560 432 1640 quod
455 1566 553 1621 restat
575 1560 740 1620 remedium
763 1561 954 1622 innocentiae
977 1562 1201 1623 defensandae?

264 1648 303 1708 Ι).
327 1648 432 1709 Nichil
462 1654 562 1709 tutum
592 1648 721 1726 pauperi
748 1668 815 1708 curn
848 1649 958 1722 divite,
981 1649 1133 1726 'quamvis
1165 1670 1261 1727 genus
1293 1654 1359 1714 etna

176 1735 293 1812 species
322 1736 433 1812 iungat
463 1740 615 1810 utrosque.
659 1733 719 1795 sed
749 1733 786 1796 de
815 1735 945 1796 materia
975 1735 1024 1797 vel
1053 1736 1226 1798 intentione
1259 1735 1322 1797 eius

178 1842 268 1898 quam
291 1823 352 1881 fers
375 1819 580 1881 sententiam?

264 1909 307 1967 M.
331 1908 537 1968 Materiam
561 1906 624 1967 eius
642 1907 736 1985 ipsam
757 1908 886 1968 dixerim
906 1909 1131 1970 contextionem
1148 1909 1322 1970 fabularum

177 2015 214 2054 ex
244 1995 486 2056 consideratione
518 2000 670 2072 sumptam
705 2015 820 2055 morum
859 1993 904 2056 vel
944 2001 1066 2056 actuum
1111 1998 1323 2069 humanorum;

177 2080 277 2140 traxit
299 2082 378 2142 enim
398 2082 499 2159 operis
520 2080 568 2141 sui
587 2081 746 2141 materiam
769 2103 806 2142 ex
819 2082 951 2143 humana
972 2090 1095 2158 natura,
1120 2103 1196 2160 quae
1218 2088 1360 2145 tantaeao

177 2168 368 2247 corruptioni
389 2167 593 2228 mutabilitati
611 2173 657 2230 vel
682 2168 884 2247 passibilitati
908 2168 1042 2230 obnoxia
1062 2170 1264 2247 cognoscitur,
1288 2175 1323 2230 ut

178 2275 338 2332 numquam
361 2256 393 2314 iu
417 2255 520 2316 eodem
544 2261 628 2316 statu
652 2275 831 2334 permanens
855 2275 1030 2334 morumque
1053 2257 1200 2317 malorum
1225 2256 1323 2316 varie·

177 2347 243 2401 tate
266 2343 334 2402 iura
352 2343 495 2422 propriae
519 2349 646 2402 naturae
666 2363 720 2420 per
743 2342 895 2402 malitiam
914 2342 1065 2403 astuciam
1095 2348 1126 2404 et
1150 2338 1321 2406 stulticiam

179 2434 367 2508 mentemque
390 2429 541 2490 rabiosam
558 2429 703 2489 excedens
727 2450 787 2491 non
807 2429 959 2490 immerito
980 2430 1089 2490 bestiis
1112 2430 1220 2508 pecudi
1240 2430 1322 2491 saxis

178 2521 209 2576 et
238 2516 332 2594 lignis
365 2517 561 2580 assimiletur.
611 2517 717 2577 Nonne
749 2518 841 2576 habes
874 2517 944 2578 huic
980 2516 1122 2594 quiddam
1152 2518 1186 2577 in
1217 2517 1359 2578 divinans

178 2602 293 2680 pagina
316 2603 438 2663 simile?
471 2603 524 2663 ubi
554 2603 613 2663 iste
642 2604 783 2664 Ioatham
813 2603 895 2664 solus
927 2624 964 2664 ex
993 2604 1142 2664 fratribus
1174 2605 1322 2680 salvatus,

177 2708 252 2766 quos
267 2688 447 2750 Abimelech
461 2690 640 2762 trucidavit,
660 2696 792 2751 montem
809 2689 947 2750 Gerizim
967 2690 1105 2751 ascendit
1118 2696 1149 2751 et
1165 2690 1322 2753 Sicimitas

178 2797 338 2854 regemque
362 2778 491 2837 electum
515 2778 553 2836 ab
573 2776 650 2855 ipsis
667 2777 842 2859 maledixit;
866 2777 949 2837 dixit
968 2779 1048 2838 enim
1063 2778 1150 2855 ligna
1166 2777 1323 2838 silvestria

178 2864 273 2923 vitem
289 2872 320 2924 et
336 2864 448 2925 olivam
463 2865 610 2940 ficumque
626 2864 726 2925 adisse
742 2869 774 2924 et
795 2865 833 2924 ab
849 2865 924 2941 ipsis
948 2885 1039 2942 super
1063 2885 1094 2924 se
1115 2864 1322 2943 principatum

176 2950 331 3029 quaesisse
347 2950 399 3011 sed
415 2951 531 3010 frustra
544 2970 578 3024 ac
589 2969 643 3028 per
659 2953 715 3012 hoc
733 2971 871 3010 ramnum
883 2951 1006 3012 tandem
1025 2972 1127 3029 regem
1142 2951 1359 3015 obtinuisses)

264 3038 302 3098 Ι).
327 3038 378 3098 Sic
402 3043 457 3111 est,
485 3038 537 3097 sed
560 3044 647 3115 patet
670 3058 706 3098 ex
722 3037 980 3115 'praecedentibus
1005 3047 1036 3100 et
1059 3039 1321 3115 subsequentibus,

177 3123 310 3203 qualiter
338 3145 387 3185 res
419 3123 609 3184 insensibilis
640 3122 849 3203 significativa
876 3124 1087 3204 intelligentia
1110 3133 1253 3186 consonet
1276 3145 1323 3185 ra-

177 3210 379 3272 tionabilibus
403 3210 619 3272 intellectibus.
1247 3284 1251 3294 .

264 3299 307 3358 M.
331 3299 414 3358 Audi
430 3299 530 3375 ipsum
557 3297 725 3358 dominum:
750 3299 875 3375 ‘vulpes
898 3298 1008 3375 inquit,
1031 3300 1136 3358 foveas
1154 3300 1268 3359 habent
1290 3304 1322 3358 et

178 3382 316 3445 volucres
350 3386 429 3446 caeli
460 3385 557 3445 nidos’
587 3391 619 3445 et
653 3385 726 3445 item
757 3384 857 3445 ‘dicite
887 3385 974 3463 vulpi
1002 3385 1058 3445 illi’
1090 3385 1169 3445 idest
1198 3386 1358 3460 Herodisa

248 3547 370 3626 11vitae]
388 3546 453 3600 vita.
784 3545 825 3613 18]
846 3544 904 3598 eius
922 3544 1038 3598 dixerim
1056 3545 1146 3615 ipsam
1165 3544 1287 3600 dixerim.

248 3615 290 3683 aa]
310 3616 485 3669 assmilatur,
783 3613 954 3683 arcarium]
974 3614 1104 3681 gazarim.

249 3760 291 3829 10]
311 3762 366 3827 vgl.
385 3760 552 3815 Ezechiel
570 3763 612 3824 22,
632 3762 677 3814 27:
697 3760 779 3827 qnasi
798 3760 858 3828 lupi
875 3760 1013 3828 rapientes
1030 3759 1169 3828 praedura.

248 3830 346 3882 2³iura
363 3848 402 3899 pr.
422 3831 459 3899 n]
479 3847 501 3884 s.
520 3830 562 3883 die
581 3830 660 3884 Notiz
680 3847 729 3883 aus
749 3830 810 3883 dem
830 3829 907 3899 Spec.
926 3829 1001 3896 Virg.
1021 3830 1090 3882 oben
1108 3846 1142 3882 zu
1160 3830 1200 3893 32,
1220 3831 1261 3885 23.

248 3899 290 3967 25]
311 3899 408 3952 dicim
428 3899 505 3952 Buch
524 3900 571 3952 der
588 3899 699 3952 Richter
717 3900 741 3964 9,
761 3899 847 3952 5-14
872 3898 1003 3952 stehende
1021 3899 1106 3952 Fabel
1131 3899 1178 3950 des
1197 3899 1321 3953 loatham

176 3968 244 4021 wird
262 3967 402 4021 mehrfacb
423 3968 522 4031 citiert,
541 3986 571 4021 so
590 3968 633 4021 bei
651 3968 741 4031 isid,
762 3987 799 4022 or.
818 3969 838 4031 Ι,
858 3968 898 4030 39,
918 3968 942 4021 6.

248 4038 290 4106 28]
310 4037 377 4090 llber
394 4036 558 4090 maledicere
577 4068 610 4075 —
629 4037 788 4091 benedicere
806 4037 856 4090 mit
874 4036 946 4089 Akk.
966 4053 987 4089 s.
1007 4036 1160 4099 Koffmane,
1178 4036 1277 4092 Gesch.
1296 4039 1320 4091 d.

176 4107 342 4161 Kircheulat.
362 4106 381 4168 l,
401 4106 442 4159 72.
462 4106 509 4170 783
537 4106 711 4170 Thielmam,
734 4106 892 4173 Philologus
911 4105 998 4168 XLII,
1018 4104 1082 4168 35&
1108 4105 1232 4170 Rdnsch‚
1251 4105 1322 4160 Itala

176 4195 202 4231 u·
221 4175 419 4314 VdiiRMatiho
427 4244 451 4309 8,
471 4245 519 4307 20;
538 4243 600 4298 Luc.
620 4245 644 4308 9,
664 4244 704 4298 58.
795 4243 925 4312 35dicitc]
945 4243 1009 4296 Luc.
1030 4241 1069 4306 13,
1089 4241 1130 4295 32.

1169 4332 1199 4384 e*
