3074 4854
690 173 906 231 ..30-

229 341 340 400 habeat
355 340 485 400 interius
500 340 612 399 ostiola
630 340 763 410 diversa,
787 341 845 402 duo
863 348 962 401 autem
980 341 1059 401 ostia
1082 340 1269 424 principalia
1286 341 1372 402 clave

229 432 339 500 serata,
361 447 420 487 uon
445 426 586 504 pervenis
610 426 648 486 ad
670 427 726 487 illa
748 428 905 498 Interiora,
929 429 988 489 nisi
1003 429 1186 488 reseraveris
1203 427 1370 501 exteriora;

229 514 327 574 sicin
358 514 496 575 oratione
521 515 611 591 longa
634 515 839 592 positionibus
868 515 931 575 suis
960 514 1057 576 solida
1085 514 1183 574 nichil
1206 521 1372 594 operantur

229 601 307 661 istae
326 622 379 661 sex
401 600 586 678 particulae,
616 601 678 660 uisi
705 622 813 663 nomen
836 608 867 662 et
889 603 1016 662 verbum
1040 602 1128 679 quasi
1158 621 1317 678 personam
1341 607 1372 662 et

207 693 330 748 tactum
359 687 552 766 apposueris3
586 707 705 765 semper
733 710 748 748 e
778 689 911 749 rectione
945 694 976 748 et
1007 708 1062 767 per
1090 709 1122 748 se
1155 689 1372 765 quodammodo

225 774 397 853 particulae
421 775 499 835 istae
522 780 624 835 mutae
646 774 796 848 videntur,
825 776 887 836 nisi
910 795 965 853 per
994 775 1064 835 illas
1088 775 1163 835 duas
1187 775 1372 855 principales

228 861 410 921 adsensum
434 863 555 939 plenum
579 860 764 939 diriguntur.

314 948 353 1008 D.
375 949 477 1009 Velim
501 948 589 1027 scire,
614 950 681 1027 quis
705 949 764 1008 iste
787 949 928 1009 Donatus
952 947 1054 1021 fuerit,
1077 968 1116 1008 ue
1139 949 1220 1009 forte
1243 948 1285 1008 sit
1309 948 1372 1024 ille,

228 1034 264 1095 de
294 1056 352 1114 quo
384 1035 566 1096 Donatistae
590 1040 809 1114 proruperunt,
844 1035 896 1112 qui
926 1035 1068 1113 dogmate
1100 1054 1243 1113 perverso
1275 1040 1374 1096 totum

193 1121 370 1181 inmundum
394 1122 576 1183 infecerunt.

316 1210 359 1268 M.
382 1208 442 1282 Qui
466 1210 620 1269 Donatum
644 1207 739 1270 istum
772 1213 934 1268 autumant
965 1207 1130 1268 hereticum
1158 1207 1245 1267 illum
1269 1208 1374 1284 fuisse,

230 1295 308 1355 unde
332 1295 517 1356 Donatistae
540 1296 676 1368 luerunt,
699 1314 824 1372 prorsus
846 1296 1012 1366 falluntur}
1034 1294 1111 1355 Afer
1133 1294 1213 1354 enim
1236 1295 1374 1355 Donatus

230 1383 282 1443 ille
296 1384 498 1459 cognoscitur,
515 1381 567 1458 qui
583 1386 679 1441 totam
693 1381 844 1443 Affrioam
868 1381 967 1442 heresi
983 1401 1037 1440 sna
1053 1380 1199 1459 polluisse
1213 1383 1375 1459 probatur;

230 1469 352 1531 dicebat
375 1470 454 1529 enim
476 1468 572 1530 filium
600 1469 744 1529 minorem
767 1473 867 1548 patre,
899 1468 1043 1546 spiritum
1067 1474 1205 1528 sanctum
1230 1468 1375 1529 minorem
1471 1485 1473 1489 ·

196 1556 312 1629 1⁵fi1i0,
342 1577 401 1633 qua
424 1555 599 1617 inordinata
622 1555 821 1616 distinctione
844 1556 993 1632 graduum
1016 1575 1047 1615 se
1071 1574 1200 1631 suosque
1224 1555 1375 1634 praecipi-

229 1643 310 1704 tavit
334 1642 365 1702 iu
388 1644 533 1707 abissum.
557 1641 702 1703 Creditur
716 1642 815 1720 igitur
831 1643 971 1703 Donatus
986 1642 1047 1702 iste
1063 1643 1281 1719 grammaticus
1298 1663 1373 1711 esse,

231 1731 320 1807 louge
336 1736 473 1808 tempora
490 1728 642 1789 Prisciani
654 1731 863 1807 praecessisse,
884 1730 993 1789 inerte
1009 1729 1212 1807 grammatica
1231 1729 1377 1790 leronimi

231 1816 328 1877 nostri
351 1822 577 1896 praeceptorem
601 1816 710 1889 fuisse,
744 1817 780 1877 de
812 1838 870 1895 quo
894 1817 1078 1876 mentionem
1101 1816 1180 1876 idem
1206 1816 1376 1877 leronimus

231 1904 345 1963 faciens
387 1905 419 1963 in
450 1900 640 1981 epistulal‘l‘*
672 1903 760 1964 docet
796 1925 828 1964 se
860 1905 1015 1965 Donatum
1044 1905 1161 1964 Romae
1193 1904 1376 1981 magistrum

196 1990 385 2054 2⁰habuisse.

320 2078 356 2138 D.
380 2076 469 2138 Nosti
500 2076 578 2155 quod
603 2077 633 2136 in
663 2078 719 2138 hoc
745 2077 868 2139 cardine
891 2085 996 2138 nostra
1020 2083 1159 2138 versetur
1182 2077 1319 2148 collatio,
1343 2084 1377 2136 ut

234 2164 408 2243 materiam,
437 2164 653 2233 intentionem,
683 2165 802 2225 finalem
831 2184 951 2224 cansam
982 2165 1014 2224 in
1044 2165 1177 2242 siugulis
1201 2164 1376 2224 auctoribus

234 2251 441 2327 exquiramus,
475 2251 584 2327 quibus
615 2251 731 2328 agnitis
763 2271 838 2328 opus
861 2253 1046 2327 subsequens
1076 2251 1182 2310 melius
1207 2251 1373 2314 videamus.

234 2337 319 2411 Quae
342 2344 390 2398 est
411 2338 510 2416 igitur
532 2339 661 2397 materia
684 2337 734 2397 vel
757 2338 889 2398 intentio
913 2339 1002 2397 huius
1024 2337 1183 2399 auctoris?

199 2443 225 2484 25
320 2442 363 2501 M.
386 2441 550 2500 Materia
565 2441 681 2501 Donati
701 2448 773 2501 suut
792 2441 864 2501 illae
879 2441 956 2501 duae
971 2446 1077 2525 partes
1094 2440 1279 2518 principales
1303 2460 1378 2516 quas

235 2527 413 2588 Aristotiles
431 2527 573 2604 tradidit,
594 2529 643 2587 vel
657 2528 704 2588 VI
720 2548 794 2604 quas
814 2528 878 2605 ipse
900 2528 1031 2602 adiecit,
1056 2527 1216 2605 dequibus
1240 2527 1379 2587 omuibus

234 2635 342 2692 eorpus
361 2615 409 2674 sui
429 2615 529 2693 operis
545 2615 684 2694 perfecit.
713 2617 762 2675 Ex
783 2614 831 2674 his
853 2615 933 2675 enim
954 2615 1094 2694 partibus
1119 2615 1146 2674 si
1168 2635 1229 2675 non
1251 2613 1379 2674 haberet

235 2701 403 2771 materiam,
428 2722 515 2779 quam
540 2702 641 2779 operis
664 2702 798 2762 secuturi
823 2708 974 2762 monstret
993 2701 1176 2762 efficatiam?
1201 2704 1256 2762 has
1273 2701 1378 2780 itaque

234 2794 337 2867 partes
366 2788 516 2866 quoddam
541 2789 772 2850 fundamentum
795 2789 919 2864 habuit,
948 2789 1057 2866 quibus
1088 2790 1187 2866 operis
1211 2789 1260 2848 sui
1283 2794 1378 2847 struo·

323 2962 359 3011 5e
377 2960 455 3028 rect]
475 2977 489 3013 e
507 2959 624 3025 regione.

306 3028 348 3096 19]
368 3028 440 3081 nach
475 3027 593 3098 epistula
621 3026 659 3080 ist
687 3028 774 3080 leerer
799 3027 889 3080 Raum
911 3046 966 3080 von
994 3028 1025 3082 Vs
1056 3027 1141 3091 Zeile;
1182 3025 1225 3080 die
1254 3024 1376 3095 ‘Epistel'

234 3096 315 3151 sollte
335 3098 392 3151 also
411 3098 481 3150 noch
499 3097 585 3150 n‘a'her
602 3096 761 3150 bezeichnet
779 3097 895 3150 werden.

306 3167 436 3235 28quam]
457 3166 536 3235 quod.

307 3236 491 3304 28moustret]
511 3235 538 3288 in
558 3235 738 3288 ‘monstraret'
759 3252 794 3287 zu
812 3236 936 3288 andern?

325 3396 335 3431 1
369 3408 391 3444 s.
411 3391 479 3443 oben
497 3408 531 3442 zu
550 3390 590 3454 21,
609 3391 632 3443 6.
653 3391 693 3444 19.
712 3391 753 3444 26.

309 3464 337 3501 11
370 3460 457 3524 leid,
477 3477 514 3513 or.
534 3459 606 3522 VIII,
627 3461 650 3524 5,
670 3460 718 3512 51:
738 3460 903 3513 Donatistae
923 3476 940 3512 a
959 3459 1070 3538 Donato
1090 3456 1209 3525 quodam
1230 3456 1300 3519 Afro
1313 3472 1380 3535 aar·

236 3527 1381 3674 9991,99ε991999999999999999999999

238 3671 263 3718 et
289 3667 461 3736 rebaptizans
489 3667 646 3732 catholicos;
677 3667 732 3734 vgl.
751 3668 917 3735 Hieronym,
941 3665 991 3720 vir.
1016 3665 1055 3718 ill.
1073 3664 1114 3729 93,
1143 3681 1225 3718 some
1250 3664 1330 3731 Hugo
1353 3681 1379 3716 r.

237 3735 380 3804 'Irimberg
398 3737 430 3790 V.
452 3737 500 3790 185
519 3737 546 3789 ff.
1030 3796 1032 3800 ,

311 3806 353 3874 18]
373 3805 531 3875 Hieronym.
552 3808 637 3858 neunt
655 3803 715 3857 sich
732 3804 761 3856 in
779 3805 826 3857 der
846 3804 951 3874 apolog.
972 3803 1033 3856 adv.
1052 3803 1111 3857 libr.
1125 3801 1216 3855 Rufini
1235 3802 1279 3870 (=
1288 3801 1381 3868 Migue

238 3873 280 3937 23,
297 3875 367 3943 410),
387 3876 477 3928 feruor
495 3874 532 3927 im
551 3877 694 3927 comment.
718 3872 747 3926 in
771 3873 867 3927 eccles.
888 3874 930 3942 (=
949 3873 986 3926 Μ.
1006 3872 1046 3937 23,
1067 3872 1152 3940 1019),
1172 3870 1256 3924 sowie
1283 3870 1312 3923 iu
1334 3870 1381 3921 der

190 3964 192 3967 ·
239 3941 359 3996 Chronik
377 3944 424 3997 des
443 3943 578 3997 Eusebius
604 3944 715 4012 (Migne,
733 3962 759 4013 p,
778 3960 817 4010 gr.
838 3943 877 4008 19,
897 3942 959 4010 591)
986 3942 1065 3994 einen
1083 3940 1197 3994 Schtiler
1215 3938 1382 4019 desuDonat,

310 4013 352 4082 29]
372 4014 470 4080 Hugo
489 4013 526 4066 de
545 4012 570 4066 S.
590 4012 751 4077 Victore,
770 4011 1010 4078 Migne176,799:
1030 4010 1101 4078 quod
1120 4011 1150 4061 ia
1168 4008 1303 4073 aedificare
1320 4007 1381 4072 fiere

237 4083 409 4150 conspicitur,
434 4082 482 4134 obi
502 4083 622 4151 priorum
649 4081 756 4150 quidem
773 4081 982 4149 fondamentum
1004 4081 1126 4148 ponitur,
1156 4077 1252 4130 dehinc
1270 4075 1382 4144 fabrica

237 4151 493 4218 superaedificatur.
