3074 4854
634 211 848 266 -75-

173 386 308 437 tenacem
333 378 467 437 animum
489 379 560 450 veri,
583 377 652 437 falsi
674 377 796 438 tedium.
840 377 878 436 In
908 377 1044 439 libertate
1076 378 1174 438 vocati
1204 398 1314 452 sumus,

175 464 279 524 studiis
302 463 475 524 liberalibus
497 466 558 544 regi
582 475 682 524 nostro
705 464 875 525 serviamus.

178 593 179 598 κ
262 551 301 609 Ι).
324 551 412 610 Itane
424 550 562 611 dabimus
586 572 706 630 operam
728 549 997 629 apprehendendae
1019 551 1193 612 dialecticae
1209 561 1317 612 cetera-

175 657 299 716 rumque
320 636 560 716 disciplinarum,
595 658 662 697 cum
700 637 824 697 stultam
855 638 959 697 mundi
982 639 1158 718 sapientiam
1181 638 1317 700 Christus

176 724 223 784 dei
245 724 340 784 virtus
372 733 401 783 et
435 725 582 803 sapientia
612 723 715 784 fecerit
736 732 766 783 et
787 723 922 797 Paulus,
952 726 1002 804 qui
1037 726 1214 803 sapientiam
1242 725 1355 785 intere

176 810 320 889 perfectos
336 809 475 888 loquitur,
499 810 576 869 nihil
591 811 649 870 nisi
668 810 820 870 Christum
845 819 874 870 et
890 810 970 871 hunc
992 811 1166 871 crucifixum
1176 811 1317 872 noverit?

264 898 306 955 11.
329 896 391 972 Qui
415 897 446 954 in
469 895 587 956 Christo
610 895 846 975 philosophatur,
869 896 1043 957 liberalibus
1071 898 1177 957 studiis
1204 918 1319 976 semper

177 982 310 1042 eruditur
342 991 372 1042 et
393 983 488 1043 victor
517 984 655 1043 vitiorum
679 983 788 1043 transit
815 983 846 1041 in
877 983 1044 1044 libertatem
1066 983 1210 1055 filiorum}
1242 983 1317 1044 alias

177 1068 254 1128 nihil
276 1069 408 1146 proderit
429 1068 484 1129 tibi
507 1070 537 1128 in
561 1080 672 1149 septem
695 1069 869 1129 liberalibus
884 1070 1050 1148 disciplinis
1066 1070 1146 1130 ultra
1163 1070 1237 1130 alios
1252 1090 1318 1150 pro-

177 1154 296 1233 gressio,
319 1157 343 1215 si
366 1154 462 1215 cultor
483 1156 627 1216 viciorum
649 1167 781 1216 extremo
803 1167 831 1216 te
854 1157 1035 1217 summiseris
1057 1157 1185 1217 servitio.
1328 1172 1356 1215 ro

264 1242 303 1301 Ι).
335 1242 427 1301 quta
447 1242 505 1302 hoo
527 1243 799 1322 quodprosecutus
822 1263 868 1316 es,
896 1243 1013 1304 videtur
1035 1243 1107 1303 mihi
1131 1263 1233 1304 servus
1255 1263 1319 1303 esse

179 1328 216 1388 ad
230 1329 304 1389 vitia
327 1329 465 1407 propriae
481 1330 561 1389 vitae
583 1330 764 1409 prostitutor,
787 1328 863 1389 liber
877 1331 1021 1399 virtutum
1045 1339 1168 1390 amator.
1200 1329 1319 1408 thuid

177 1415 267 1493 igitur
280 1416 420 1493 proponis
440 1416 526 1475 nobis
549 1416 680 1476 studium
696 1415 909 1495 philosophiae,
936 1418 960 1476 si
973 1415 1033 1476 alio
1054 1417 1142 1476 modo
1161 1436 1323 1494 possumus.

179 1501 300 1562 excitari
324 1501 362 1560 ad
386 1501 601 1562 dinoscentiam
623 1502 671 1563 vel
694 1511 771 1562 certe
794 1502 906 1563 cultum
931 1504 1033 1562 mortis
1056 1512 1085 1562 et
1107 1504 1206 1563 vitae?

266 1589 309 1646 Μ.
331 1588 500 1667 Utrumque
522 1589 701 1667 persuadeo,
730 1600 765 1649 ut
787 1589 951 1668 sapientiae
979 1589 1085 1648 studiis
1107 1588 1269 1649 exercearis
1291 1597 1321 1648 et
1330 1605 1358 1647 15

178 1673 341 1734 virtutibus
378 1675 595 1753 consequendis
618 1696 655 1735 ex
681 1676 754 1754 ipsis
789 1676 894 1734 studiis
927 1675 1140 1755 philosophicis
1176 1674 1320 1747 inciteris3

180 1760 307 1820 multum
329 1761 406 1820 enim
429 1761 550 1821 inferior
572 1763 720 1841 sapientia
741 1771 819 1822 recte
841 1763 979 1823 ordinata
1002 1763 1041 1822 ad
1061 1763 1238 1840 superiorem
1254 1781 1322 1820 con·

180 1847 262 1906 ducit
284 1856 314 1906 et
336 1867 438 1906 omnes
474 1858 551 1907 artes
578 1849 732 1908 naturales
755 1848 875 1908 divinae
897 1850 1039 1909 scientiae
1069 1847 1268 1920 famulantur,
1296 1849 1321 1908 si

181 1953 312 2012 congrua
329 1933 536 1994 distributione
553 1934 590 1994 ad
608 1935 757 1994 cardinem
774 1955 860 1994 suum
882 1935 962 1995 unde
973 1935 1137 2014 procedunt
1145 1934 1320 1999 referantur.

267 2020 306 2079 l).
329 2019 472 2080 Ordinem
495 2021 585 2080 istum
608 2022 680 2081 scire
702 2021 845 2082 desidero.
1331 2039 1358 2081 ao

268 2108 311 2165 M.
334 2107 442 2166 Dicam
458 2108 635 2167 sententiam
651 2108 807 2168 cuiusdam
822 2107 1023 2186 probatissimi
1039 2109 1241 2187 grammatici:
1265 2108 1321 2169 sub

181 2213 215 2252 eo
238 2213 336 2262 sensu,
361 2194 412 2272 qui
435 2202 480 2253 est
501 2194 532 2252 in
549 2194 764 2273 significatione
779 2215 887 2255 vocum
903 2194 941 2254 ad
957 2215 1011 2267 ree,
1035 2195 1203 2255 continetur
1217 2214 1321 2254 sensus

181 2278 358 2352 historialis,
391 2281 439 2339 cui
462 2279 650 2340 famulantur
672 2291 729 2341 tres
757 2281 915 2341 scientiae:
944 2281 1140 2359 grammatica
1166 2280 1322 2341 dialectica

181 2365 340 2436 rethorica3
364 2386 450 2445 porro
474 2366 529 2426 sub
552 2388 586 2427 eo
606 2388 702 2440 sensu,
725 2369 776 2446 qui
799 2368 897 2428 estin
920 2367 1136 2444 significatione
1158 2387 1253 2427 rerum
1283 2367 1322 2427 ad

182 2451 265 2512 facta
290 2453 421 2525 mistica,
449 2454 616 2513 continetur
646 2453 800 2532 allegoria,
831 2454 915 2513 aliud
943 2454 1020 2514 enim
1051 2454 1160 2514 dicitur
1188 2463 1217 2513 et
1240 2454 1358 2514 aliudao

183 2538 373 2617 intelligitur,
404 2548 433 2599 et
462 2539 518 2599 sub
541 2560 574 2600 eo
597 2561 702 2613 seusu,
731 2541 781 2619 qui
804 2549 849 2600 est
870 2541 902 2599 in
926 2540 1148 2618 significatione
1164 2560 1261 2600 rerum
1284 2540 1323 2600 ad

182 2624 321 2684 facienda
349 2626 478 2698 mistica,
509 2627 678 2687 continetur
707 2627 873 2705 tropologia
894 2636 923 2687 et
945 2626 991 2686 his
1015 2627 1131 2687 duobus
1154 2627 1231 2686 idest
1253 2626 1324 2686 alle-

182 2712 300 2790 goricae
322 2721 351 2771 et
373 2712 573 2791 tropologicae
595 2712 783 2772 famulantur
810 2713 995 2774 arihtmetica
1022 2715 1135 2774 musica
1165 2713 1325 2791 geometria

183 2807 213 2858 et
235 2799 416 2858 astronomia
438 2808 468 2858 et
489 2799 612 2877 phisica.
638 2800 673 2859 In
697 2800 821 2859 caeteris
844 2799 934 2878 igitur
957 2801 1109 2879 scripturis
1133 2799 1214 2859 solae
1238 2820 1323 2860 voces

184 2884 395 2962 significantur,
419 2885 451 2943 in
473 2886 621 2964 scriptura
643 2886 747 2946 divina
769 2906 830 2944 non
853 2886 950 2946 solum
973 2907 1068 2959 voces,
1092 2886 1142 2946 sed
1166 2887 1256 2946 etiam
1278 2906 1360 2949 resen

184 2970 398 3050 significativae
421 2983 500 3044 sunt,
523 2973 660 3051 quamvis
683 2992 743 3032 non
766 2973 797 3031 in
821 2973 967 3033 omnibus.
1012 2973 1097 3034 Sicut
1119 2972 1209 3052 igitur
1230 2973 1260 3031 in
1290 2992 1324 3033 eo

256 3141 297 3210 1‘2]
316 3141 530 3210 prostitutarum.
758 3141 938 3211 23scientiae]
958 3142 1116 3196 sententiae.

256 3211 337 3263 27his
356 3211 471 3279 duobus]
489 3211 524 3263 in
541 3209 584 3263 his
603 3210 715 3263 duobus.

272 3349 297 3417 1]
317 3349 406 3402 Galat.
425 3351 448 3415 5,
470 3349 513 3402 13:
532 3365 579 3402 nos
596 3350 666 3401 enim
685 3350 715 3400 in
732 3349 880 3402 libertatem
898 3350 988 3402 vocati
1006 3349 1076 3402 catis.

272 3419 332 3488 411]
351 3421 371 3472 l.
392 3419 538 3472 Corinth.
559 3420 584 3483 1,
601 3419 647 3471 20:
666 3434 752 3471 troiana
770 3421 881 3471 stultam
896 3421 962 3474 tecit
979 3417 1045 3470 derra
1062 3417 1225 3485 sapientiora
1242 3417 1325 3469 buius
1358 3449 1360 3455 ,

184 3487 300 3539 artandi?
324 3490 346 3551 1,
365 3490 411 3541 24:
436 3489 572 3542 (liciatum
597 3488 642 3540 dei
663 3489 789 3541 virtutem
813 3494 837 3541 et
860 3487 905 3540 dci
928 3489 1093 3556 sapientium
1117 3486 1182 3556 [vgl.
1207 3486 1275 3539 oben
1297 3484 1323 3538 S.

184 3556 225 3621 43,
248 3557 287 3625 l];
320 3558 350 3621 2,
376 3558 405 3610 6;
432 3558 597 3625 sapientiam
622 3564 710 3609 antem
736 3558 870 3624 loquiano·
895 3557 966 3610 inter
985 3557 1130 3625 perfectam
1165 3557 1195 3620 2,
1215 3556 1247 3608 2;
1270 3571 1326 3607 nou

185 3626 255 3677 enim
283 3627 408 3680 iudicavi
426 3644 465 3679 me
488 3627 558 3679 scire
582 3626 691 3694 olt'qut'tt
715 3627 788 3680 inter
805 3642 851 3680 oea
870 3627 926 3678 nisi
946 3627 1036 3678 lesam
1056 3626 1194 3679 Olntstum
1212 3629 1237 3677 et
1253 3625 1325 3677 hunc

185 3695 354 3760 crucifixum.

257 3766 368 3834 ²1prob.
387 3765 513 3834 gramm]
540 3765 602 3818 sehr
625 3765 734 3819 ahnlich
760 3765 796 3818 ist
820 3782 878 3818 was
902 3765 997 3830 Hugo
1024 3764 1062 3816 de
1086 3762 1111 3816 S.
1129 3761 1272 3815 Victore
1297 3761 1325 3813 in

186 3832 288 3887 seinem
307 3834 497 3899 didascalicon,
517 3834 609 3901 Migne
629 3835 685 3900 116,
705 3835 754 3887 789
773 3835 800 3887 11.
818 3837 944 3901 vo1tritgt
951 3853 957 3897 ;
983 3851 1005 3886 z.
1025 3834 1055 3886 B.
1074 3851 1099 3901 p.
1120 3831 1169 3885 789
1187 3830 1242 3883 und
1260 3830 1325 3883 799:

186 3903 310 3966 ln'storin,
330 3905 471 3972 nllcporin,
490 3904 650 3972 tropologia.

257 3973 299 4042 25]
318 3973 373 4040 vgl.
392 3974 460 4026 oben
479 3974 518 4037 72,
538 3973 579 4026 29.

257 4045 373 4112 21³]vgl.
393 4042 433 4104 38,
455 4043 484 4094 11
504 4043 531 4095 ff.
553 4042 608 4094 und
625 4042 720 4107 Hugo
745 4040 782 4092 de
801 4040 827 4094 S.
846 4041 936 4094 Vict.
961 4041 997 4094 M.
1018 4041 1080 4105 116,
1100 4040 1163 4092 790:
1188 4037 1325 4091 sciendum

186 4116 224 4164 est
242 4114 323 4165 etiem
341 4113 412 4180 aaron
431 4113 461 4163 in
480 4111 573 4165 (linitio
592 4112 697 4179 cloquio
716 4127 769 4162 non
788 4115 892 4162 tontum
911 4110 1000 4175 cerba,
1019 4109 1065 4162 sed
1083 4110 1165 4161 etima
1182 4123 1225 4160 res
1242 4108 1327 4176 sipar-

184 4182 267 4240 ticnrc
285 4182 388 4235 landent.
