3074 4854
683 184 893 240 ..44-

212 351 312 412 latina
338 351 445 429 lingua
468 357 499 411 et
521 370 612 428 greca
634 370 702 412 oum
725 357 804 411 esset
827 352 975 431 Athenis,
1008 374 1044 412 ex
1068 353 1268 413 altercatione
1287 373 1356 432 gen-

211 439 314 499 tilium
337 443 368 498 et
388 437 634 498 Christianorum
657 438 825 498 sententias
842 438 969 517 collegit
992 437 1148 500 fabulosas
1171 445 1202 499 et
1225 440 1355 513 divinas,

213 546 287 604 quas
310 545 447 586 reversus
471 525 596 584 ltaliam
619 524 810 603 oppositione
830 546 966 601 congrua
982 527 1136 604 compegit
1151 526 1183 586 in
1206 527 1355 605 eglogam‚

213 613 264 674 sed
282 619 379 673 morte
401 616 585 690 praeventus
616 632 676 673 non
711 612 887 672 emendavit
914 613 952 672 ad
974 633 1104 691 unguem
1128 613 1208 690 quod
1239 633 1356 691 compo·

189 700 284 765 asuit.
329 699 517 772 Quibusdam
547 698 627 758 enim
650 697 786 768 videtur,
816 699 1010 777 quia<in>
1035 705 1202 760 ‘secretum'
1226 701 1355 779 primam

212 785 371 864 corripuit,
393 790 545 846 auctorem
569 786 661 845 istum
683 806 808 861 errasse,
833 807 901 846 cum
921 787 1017 847 multo
1042 785 1220 847 credibilius
1239 788 1356 862 <sit>‚

212 873 370 952 scriptoris
394 872 474 933 vicio
497 872 528 932 id
551 872 645 932 fuisse
668 879 824 950 peractum
848 879 880 933 et
901 879 1050 933 secretum
1072 873 1208 951 posuisse
1231 892 1286 951 pro
1310 894 1356 933 sa·

212 967 344 1033 eratum;
371 960 414 1019 sic
437 959 517 1019 enim
542 960 635 1020 habet
658 960 725 1038 ipsa
747 960 851 1021 litera:
879 965 918 1020 ‘et
935 960 1102 1020 Troianum
1125 958 1257 1020 lauderis
1279 962 1356 1021 scire

212 1046 381 1122 seemtnm',
411 1067 478 1106 cum
513 1051 577 1106 tam
615 1046 748 1107 vicinum
781 1046 993 1125 exprimendae
1028 1047 1248 1125 significationi
1279 1053 1357 1107 esset

177 1140 365 1194 losacratum
393 1133 473 1193 sicut
498 1138 656 1196 secretum.
697 1133 900 1195 Troianorum
927 1134 1006 1193 enim
1037 1140 1190 1194 sacratum
1220 1133 1356 1194 Palladis

213 1227 280 1281 erat
303 1220 511 1291 simulacrum
535 1219 608 1297 quid
632 1240 705 1298 ergo
729 1221 805 1298 ipsis
829 1219 976 1281 secretius
1000 1241 1088 1298 quam
1113 1221 1193 1298 quod
1223 1227 1290 1281 erat
1312 1241 1357 1281 sa-

213 1307 351 1368 cratius?
381 1306 409 1366 si
441 1306 539 1384 igitur
571 1312 677 1367 auctor
710 1309 768 1368 iste
798 1313 946 1368 secretum
976 1307 1190 1385 corripuisset,
1224 1310 1262 1368 ab
1286 1307 1356 1368 aliis

213 1395 303 1456 facile
325 1393 516 1472 praemoneri
538 1393 706 1471 potuisset,
739 1415 793 1454 nec
816 1395 847 1454 in
872 1395 928 1455 hac
951 1399 1058 1454 nostra
1080 1394 1252 1455 defensione
1272 1415 1357 1472 prae·

212 1481 357 1542 iuditium
384 1480 559 1547 melioribus
589 1481 729 1554 facimus,
753 1480 821 1558 qui,
854 1481 933 1542 sieut
963 1486 1070 1543 auctor
1101 1481 1218 1542 erravit
1251 1487 1286 1541 ut
1313 1482 1356 1542 eis

176 1569 335 1630 revidetur
353 1568 386 1627 in
410 1568 513 1642 verbo,
542 1567 585 1627 sic
613 1567 674 1645 ipsi
696 1574 824 1646 possunt
848 1568 944 1642 <in>
965 1568 1094 1642 iudicio;
1117 1589 1207 1646 porro
1229 1570 1357 1642 beatus,

213 1656 343 1733 quinon
366 1654 494 1716 offendit
516 1653 548 1713 in
573 1651 685 1716 verbo'.
709 1691 748 1700 -
773 1654 834 1728 Qui
861 1675 977 1716 morum
1000 1655 1159 1716 honestate
1180 1662 1211 1716 et
1227 1656 1357 1716 scientia

211 1742 368 1821 praeditus
392 1741 519 1802 clericus
543 1741 629 1812 obiit,
653 1741 759 1802 sedin
785 1762 842 1819 quo
867 1741 972 1804 ordine
996 1742 1166 1818 ignoratur.

299 1829 337 1888 D.
360 1828 441 1901 Quid
465 1827 542 1888 dicis
565 1828 726 1906 eglogam?

298 1917 341 1975 M.
364 1915 486 1993 Egloge
507 1935 525 1973 a
546 1915 646 1993 capris
659 1921 793 1976 tractum
810 1921 865 1990 est,
881 1916 967 1992 quasi
988 1914 1105 1976 diceret
1125 1912 1250 1993 eglogos
1268 1914 1356 1993 quasi

176 2002 355 2080 20caprinus
379 2022 476 2062 sermo
500 2001 547 2062 vel
572 2003 643 2079 quia
672 2002 708 2063 de
732 2003 906 2080 pastoribus
936 2002 1004 2080 agit
1026 2008 1079 2062 aut
1102 2003 1174 2080 quia
1197 2002 1356 2063 feditatem

213 2089 383 2161 vitiorum,
417 2108 493 2166 quae
522 2108 577 2167 per
606 2091 663 2150 hoc
693 2090 806 2150 animal
836 2089 1031 2168 designatur,
1061 2089 1265 2167 reprehendit.
1311 2090 1357 2150 De

212 2175 386 2237 huiusmodi
408 2176 557 2237 vocabulo
582 2176 675 2236 habes
698 2177 730 2236 in
755 2176 900 2257 Virgilio,
926 2176 1048 2237 scilicet
1070 2176 1102 2236 in
1125 2176 1280 2248 bucolicis,
1304 2176 1357 2236 uhi

213 2283 334 2324 carmen
348 2263 502 2340 pastorale
518 2268 654 2337 vocatur,
672 2263 750 2340 quod
762 2283 817 2340 per
830 2264 957 2343 eglogae
972 2263 1151 2324 vocabulum
1167 2263 1356 2323 intitulatur.

212 2349 382 2411 Materia
415 2349 565 2410 Theodoli
594 2356 641 2410 est
668 2349 808 2411 collectio
843 2350 1033 2410 diversarum
1064 2351 1285 2410 sententiarum
1317 2351 1355 2409 ab

300 2556 325 2624 8]
345 2556 414 2608 scire
433 2558 578 2608 sacratum.
814 2620 816 2625 Ι
873 2555 915 2624 23]
935 2554 1075 2609 vocabulo.

300 2713 360 2781 effi]
381 2712 451 2765 auch
469 2713 556 2765 Anon.
576 2710 663 2775 Mell,
692 2711 771 2763 Bern.
791 2711 862 2781 Traj.
882 2729 908 2763 u.
927 2711 1250 2764 T1T2erheben'fadel
1269 2727 1357 2778 gagen

212 2782 286 2835 diese
310 2783 338 2834 in
356 2782 389 2835 V.
409 2782 459 2834 320
486 2783 534 2834 der
557 2781 651 2846 ecloga
674 2779 886 2833 vorkommende
913 2780 1044 2847 Messung
1072 2780 1130 2833 ‘Dic
1160 2783 1188 2833 et
1210 2780 1357 2833 Troianum

212 2850 330 2904 lauderis
349 2851 418 2903 scire
437 2850 588 2911 secretum,
609 2849 677 2902 ohne
694 2848 793 2918 jedoch
811 2849 870 2901 eine
881 2849 1034 2970 Kon‘ppktur
1051 2850 1220 2915 beizufb'gen,
1239 2849 1289 2902 wie
1309 2849 1356 2906 sie.

212 2919 319 2973 freilich
344 2920 393 2972 mit
409 2918 500 2985 wenig
518 2918 621 2980 Gluck,
646 2935 700 2970 von
719 2917 829 2971 Konnad
847 2936 945 2971 versuo
966 2919 1071 2972 twird.
1108 2919 1262 2971 Bernardus
1280 2917 1357 2971 fliclrt

211 2989 291 3042 einen
309 2989 379 3042 Vers
398 3006 447 3041 aus
458 2988 528 3041 Ovid
546 2988 590 3040 ein
608 2989 729 3056 (metam.
744 2987 767 3050 2,
782 2987 850 3055 556),
870 2987 898 3039 in
915 2987 1047 3040 walchem
1066 2991 1173 3040 secreta
1191 2986 1354 3040 vorkommt.

285 3058 325 3136 ld]
345 3058 422 3111 Brief
438 3058 455 3111 J
463 3056 566 3110 acobi
588 3056 618 3120 3,
645 3056 674 3109 2:
703 3055 728 3108 sl
753 3057 815 3125 pals
837 3057 867 3108 ln
889 3057 969 3109 aerbo
993 3074 1046 3108 non
1072 3056 1197 3122 offendit,
1224 3057 1359 3124 perfectus

212 3133 251 3181 cst
268 3143 319 3180 aa.

284 3196 325 3264 16]
345 3198 452 3248 Anon.
472 3194 575 3258 Mell.‚
602 3195 697 3247 Bern.
717 3193 820 3263 Traj.,
847 3193 1050 3247 T1T2haben:
1076 3199 1132 3247 tarn
1150 3209 1253 3246 morant
1275 3210 1357 3261 qnam

212 3265 342 3320 scientiae
359 3266 496 3318 honestate
512 3263 657 3332 praeditas
674 3263 723 3315 sub
742 3262 866 3316 clericali
883 3279 978 3316 narrata
998 3264 1073 3328 obiit,
1102 3262 1171 3316 ohne
1190 3263 1241 3315 den
1258 3264 1355 3317 Znsatz

212 3335 314 3388 ‘sedin
333 3353 385 3404 quo
404 3333 496 3387 ordine
514 3333 670 3400 ignoratur’.

285 3403 326 3472 19]
346 3405 441 3457 Bern.
465 3403 568 3472 Traj.:
592 3403 688 3470 eplopa
710 3400 840 3468 acaprio
863 3406 981 3454 tractum
1005 3407 1057 3464 est,
1084 3402 1164 3469 attasi
1182 3401 1284 3453 eliceret
1301 3401 1357 3468 epla

213 3473 287 3541 lopas
305 3472 375 3526 idest
393 3474 524 3541 caprinas
541 3486 626 3524 aerneo
645 3472 705 3539 (alet
723 3471 790 3538 ania
808 3470 840 3523 de
859 3470 952 3538 capris
970 3472 1039 3540 opit)
1059 3476 1108 3523 ant
1131 3470 1197 3538 qnia
1217 3469 1357 3533 feditatem

212 3543 347 3596 ciclorum
369 3559 437 3610 areae
459 3557 508 3610 per
531 3541 580 3595 hcc
605 3541 710 3592 animal
732 3540 892 3608 desternatur
915 3540 1103 3606 reprehendit3
1130 3540 1254 3592 nonnulli
1276 3539 1357 3592 etiam

213 3612 325 3680 eplopon
344 3611 480 3681 (ἑκλογεῖον
492 3611 510 3678 l)
527 3624 623 3680 praece
642 3609 727 3662 latine
745 3609 904 3662 exercitium
914 3609 1137 3678 interpretantur,
1156 3610 1222 3676 prela
1241 3609 1358 3662 collectis

212 3681 336 3735 historiis
360 3686 385 3734 et
406 3681 510 3747 fabalis
546 3679 638 3733 nndtle
673 3683 858 3746 componatur.
911 3678 977 3732 Dies
1004 3679 1042 3732 ist
1070 3679 1120 3732 mit
1148 3678 1357 3745 geringftigigen

211 3750 362 3804 Varianten
381 3752 451 3819 (aad
469 3749 535 3819 qnia
555 3748 586 3801 de
605 3765 625 3801 c.
647 3749 712 3816 aplt'
732 3747 812 3814 fehlt)
831 3746 900 3799 auch
918 3765 973 3800 von
992 3748 1053 3801 dem
1071 3749 1158 3800 Anon.
1172 3747 1245 3800 Mell.
1265 3747 1357 3813 ausge-

211 3837 339 3872 nommen
360 3820 477 3873 worden.
520 3818 630 3880 Kiirzerj
653 3817 702 3870 hat
725 3817 772 3869 Tl:
806 3816 901 3885 eplcpa
925 3834 942 3868 a
965 3816 1058 3885 capras
1082 3822 1199 3870 tractant
1225 3821 1278 3878 est,
1302 3815 1358 3883 epla

211 3904 307 3955 praece
325 3904 411 3957 capra
430 3889 522 3950 latine,
542 3888 615 3956 lepos
632 3901 728 3951 praece
747 3887 793 3939 lat.
812 3901 904 3950 serina,
923 3885 994 3938 acarde
1014 3887 1108 3955 eplopo
1128 3887 1260 3954 caprinas
1272 3898 1357 3936 serino

213 3957 252 4027 (in
270 3957 305 4010 Τ2
323 3958 394 4010 nach
413 3957 513 4010 ‘unde’:
533 3962 557 4009 et
572 3956 706 4025 ponitur).

283 4026 326 4094 24]
346 4027 442 4080 Bern.
463 4025 564 4095 Traj.:
583 4024 729 4078 sacrariolum
748 4041 813 4092 qnos
830 4025 976 4078 sententiae
995 4042 1012 4077 a
1033 4024 1168 4078 theodulo
1186 4024 1299 4077 collatae
1317 4023 1358 4075 uel

213 4095 290 4162 ipsae
308 4101 439 4150 certantes
459 4111 589 4162 personae
612 4095 677 4147 libri
699 4095 781 4146 heriles
803 4095 919 4147 acroteria
944 4095 1000 4148 diei
1018 4099 1149 4163 pecarent5
1178 4093 1234 4146 fast
1258 4092 1357 4145 ebenso

212 4165 247 4217 Τ1
266 4164 299 4218 Τ2
318 4164 484 4232 (gleichfalls
504 4165 624 4228 collatae,
643 4162 719 4217 nicht
738 4163 881 4232 collectae).
