3074 4854
638 178 851 234 ..31-

176 356 276 408 turam
296 347 549 423 superedificavit.
595 348 691 407 Porro
715 347 895 408 intentio
919 348 984 406 eius
1008 353 1055 407 est
1078 346 1202 406 exordia
1224 367 1321 424 gram·

176 434 307 495 maticae
331 434 512 511 disciplinae
535 433 714 493 intrantium
738 439 855 493 mentes
879 432 1073 495 ordinatione
1096 438 1164 494 octo
1188 432 1322 510 partium

176 523 319 591 imbuere,
351 527 387 580 ut
410 520 457 580 his
481 520 622 599 partibus
645 519 840 598 partiumque
867 517 1155 598 consignificantiis,
1185 520 1321 580 acciden-

177 609 232 669 tiis
260 608 407 668 videlicet
440 613 471 666 et
509 606 746 684 consequentiis,
781 607 854 667 fixis
891 607 1056 668 mobilibus
1093 607 1321 685 comparativis

176 694 340 774 generibus
354 703 384 755 et
400 694 566 772 speciebus
589 693 722 753 numeris
739 697 771 753 et
785 693 901 771 figuris,
925 714 1048 754 casuum
1064 693 1278 754 inflexionibus
1292 699 1323 754 et
1346 703 1359 745 f>

176 783 274 843 isdem
299 802 353 859 per
368 783 461 841 verba
484 781 634 858 regendis,
656 780 913 841 declinationibus
936 781 1069 842 nominis
1093 786 1124 840 et
1148 781 1235 840 verbi
1257 803 1324 860 pro·

177 869 309 930 nominis
340 874 371 928 et
402 867 561 946 participii
593 868 723 929 diversis
755 874 979 943 assuescerent,
1023 867 1098 928 locis
1135 870 1322 945 temporibus

177 956 277 1017 modis
302 960 334 1013 et
355 954 494 1032 personis
517 954 687 1030 ceterisque
710 954 856 1032 partibus·
867 954 1051 1032 regulariter
1071 954 1132 1014 sibi
1155 955 1323 1016 coherenti·

178 1044 233 1103 bus
248 1042 287 1101 ad
297 1041 494 1101 ordinandam
505 1041 598 1101 certis
611 1041 789 1101 etdiscretis
800 1040 1005 1119 positionibus
1018 1042 1186 1102 oraticnem
1199 1043 1323 1102 metrice

178 1130 229 1190 vel
242 1129 378 1206 prosaice
389 1133 518 1188 mentem
527 1128 738 1191 informarent,
756 1128 897 1200 Quantus
907 1136 1008 1189 autem
1020 1129 1056 1187 fr
1065 1135 1172 1188 nctus
1183 1128 1213 1187 fi
1221 1129 1281 1188 nal
1290 1129 1322 1188 is
1334 1137 1360 1178 10

177 1215 344 1294 legentium
361 1215 394 1274 in
408 1217 464 1275 hoc
481 1235 570 1293 opere
586 1215 644 1288 sit,
665 1235 719 1292 per
738 1215 794 1275 hoc
811 1216 1006 1292 cognoscitur
1024 1235 1063 1274 an
1078 1216 1236 1293 ignoraret
1251 1215 1324 1295 quid

179 1301 382 1380 grammatica
392 1302 434 1362 sit
448 1303 500 1380 qui
515 1303 669 1362 Donatum
682 1302 866 1379 neglexerit,
890 1303 926 1362 de
938 1303 1053 1363 maiore
1067 1302 1145 1362 enim
1162 1308 1193 1362 at
1209 1303 1324 1364 minore

179 1391 302 1451 Donato
322 1409 419 1450 sermo
430 1389 517 1449 nobis
535 1398 589 1461 est,
604 1389 656 1466 qui
678 1409 756 1448 unus
775 1389 914 1467 idemque
939 1390 1069 1450 minores
1096 1389 1216 1467 quidem
1233 1389 1323 1450 lactis

179 1478 265 1536 fovet
286 1477 318 1535 in
333 1475 500 1537 minoribus
524 1475 696 1554 disciplinis
717 1476 869 1548 alimento,
894 1477 1023 1537 maiores
1047 1476 1144 1552 <in>
1169 1475 1324 1537 institutis

178 1563 361 1624 fortioribus
384 1563 485 1639 pascit
508 1562 605 1623 solido
629 1561 712 1634 cibo,
736 1562 788 1622 sed
812 1562 848 1622 de
873 1563 929 1623 boc
953 1569 1075 1623 auctore
1098 1562 1175 1622 satis
1198 1564 1360 1624 dictum.15

266 1650 305 1709 D.
328 1649 473 1727 Magnum
485 1655 567 1709 certo
579 1649 754 1710 testimonio
765 1650 905 1727 probasti
919 1651 1067 1711 Donatum
1080 1651 1323 1727 grammaticum,

178 1737 231 1816 qui
263 1736 388 1814 gradum
420 1737 555 1795 infimum
579 1736 661 1795 inter
693 1741 831 1797 auctores
861 1737 918 1797 buc
946 1757 1041 1814 usque
1068 1736 1145 1796 mihi
1167 1738 1252 1797 visus
1276 1743 1324 1797 est

179 1823 315 1884 tenuisse
339 1829 465 1901 propter
488 1823 662 1882 rudimenta
684 1824 889 1901 parvulorum.

267 1911 309 1969 M.
331 1909 575 1969 Fundamentum
598 1909 630 1968 in
653 1908 800 1970 aedificiis
816 1907 915 1970 locum
932 1910 1023 1970 habet
1037 1910 1241 1988 praecipuum,
1266 1932 1324 1988 quo

181 1997 302 2057 sublato
337 1996 410 2072 quid
432 2003 561 2074 prosunt
591 2002 673 2055 artes
701 1996 733 2055 in
756 1997 959 2057 construenda
981 1997 1099 2057 fabrica
1123 1995 1361 2081 architectollao
1377 2020 1440 2063 Blatt

267 2083 307 2143 D.
329 2083 411 2155 Quia
432 2083 530 2160 igitur
559 2083 598 2142 ad
620 2086 727 2162 poetas
750 2083 838 2144 nobis
861 2084 1012 2143 transitus
1035 2089 1083 2143 est
1105 2089 1136 2142 et
1158 2085 1219 2143 iam
1242 2105 1325 2162 prae·
1384 2075 1413 2116 ⁹⁰

182 2169 296 2230 misisti
319 2170 355 2229 de
378 2170 526 2231 librorum
547 2170 787 2248 proprietatibus
811 2177 842 2229 et
865 2191 966 2231 eorum
989 2170 1219 2241 convenientiis
1244 2172 1326 2232 sicut

181 2257 346 2335 inquisitus
370 2277 418 2333 es,
449 2257 538 2317 iuxta
566 2256 702 2317 ordinem
734 2255 923 2316 studentium
951 2264 1108 2318 auctorum
1139 2258 1212 2319 ordo
1236 2259 1325 2319 nobis

177 2344 334 2422 ponendus
365 2350 422 2407 est.
464 2342 612 2404 Catonem
641 2344 740 2421 igitur
770 2344 863 2422 iunge
885 2345 1007 2405 Donato
1028 2344 1114 2422 quasi
1135 2345 1326 2405 sillabarium

105 2438 107 2442 ’
175 2431 374 2506 abecedario;
397 2431 477 2490 sicut
493 2431 574 2490 enim
597 2431 721 2490 literam
737 2430 865 2491 sillabas
884 2431 935 2491 vel
951 2431 1096 2492 dictionis
1112 2433 1257 2509 cognitio,
1281 2433 1324 2494 sio
1335 2437 1361 2480 25

179 2517 255 2579 (lato
280 2519 434 2578 Donatum
458 2517 489 2576 in
512 2519 710 2595 parvulorum
734 2518 833 2579 studio
857 2519 1060 2596 subsequitur.

267 2603 374 2676 Super
407 2601 580 2664 Catonem.
608 2606 650 2664 M.
698 2605 815 2665 Romae
851 2603 983 2666 Catones
1019 2604 1199 2682 perplurimi
1232 2605 1326 2666 fuisse

181 2692 362 2769 probantur,
387 2691 437 2750 sed
462 2690 592 2751 diversis
615 2692 818 2768 temporibus,
844 2697 881 2751 ut
903 2692 1022 2770 rigidus
1046 2691 1138 2766 Cato,
1163 2691 1325 2752 Censorius

179 2777 264 2850 Cato,
288 2777 504 2837 disertissimus
527 2779 614 2837 iuxta
635 2775 818 2838 ieronimum
835 2777 922 2853 Cato,
948 2779 1000 2858 qui
1023 2779 1083 2838 iam
1107 2798 1198 2839 senex
1220 2778 1325 2840 literas

180 2884 305 2942 graecas
329 2864 444 2925 discere
467 2884 521 2923 nec
545 2865 667 2924 erubuit
690 2885 744 2924 nec
767 2865 951 2943 desperavit.
998 2865 1057 2925 Sed
1080 2864 1157 2927 Cato
1184 2866 1258 2939 iste,
1289 2866 1376 2945 d03⁰¹

181 2971 238 3028 qno
266 2949 356 3011 nobis
387 2951 524 3027 quaestio
552 2957 615 3028 est,
640 2972 657 3010 a
689 2952 866 3030 quibusdam
898 2958 1026 3032 putatur
1054 2951 1090 3012 de
1123 2973 1180 3029 quo
1204 2952 1325 3013 Tullius

255 3091 284 3128 22
296 3087 378 3155 sicut]
398 3087 445 3140 sic.

253 3156 296 3224 25]
314 3155 402 3209 litera.

276 3282 287 3318 7
319 3276 374 3343 vgl.
395 3278 462 3330 oben
483 3295 517 3330 zu
535 3276 575 3339 21,
595 3276 619 3328 8.

256 3350 283 3386 12
317 3346 364 3399 der
384 3345 486 3400 ‘minor’
506 3345 582 3399 steht
599 3344 642 3398 bei
661 3344 728 3408 Keil,
756 3361 871 3411 gramm.
895 3344 950 3408 lat,
980 3345 1027 3398 Bd.
1046 3346 1071 3410 4,
1098 3344 1124 3398 S.
1144 3345 1248 3412 35511,
1279 3348 1327 3400 der

185 3414 289 3466 ‘maior'
310 3415 413 3468 ebenda
432 3414 458 3468 S.
478 3415 527 3468 367
546 3415 573 3467 ff.

257 3484 299 3552 15]
318 3485 374 3550 vgl.
394 3486 462 3538 oben
480 3502 514 3536 zu
532 3484 573 3547 21,
596 3483 639 3545 10;
659 3482 700 3546 28,
721 3482 760 3535 19.

257 3558 284 3594 12
318 3569 339 3605 s.
360 3554 427 3607 oben
446 3571 479 3605 zu
498 3554 538 3616 30,
558 3553 600 3606 29.

141 3657 147 3666 ·
255 3625 285 3662 23
318 3623 383 3676 ordo
402 3623 613 3676 studentium:
627 3620 705 3675 Stufe
725 3624 772 3676 des
790 3623 972 3677 Unterrichts.

256 3695 285 3732 27
318 3709 352 3743 zu
371 3691 438 3745 Cato
457 3709 479 3745 s.
498 3691 841 3756 Teuffel-Schwabe,
860 3700 927 3746 rom.
946 3692 1132 3748 tinomaus
1152 3696 1168 3762 ἓ
1186 3695 1227 3759 24,
1246 3695 1262 3748 2
1284 3696 1311 3749 ff.

184 3759 318 3814 Huemers
336 3760 457 3814 Vorrede
476 3779 509 3814 zu
528 3761 623 3827 Hugos
641 3760 709 3827 Reg.
728 3761 755 3814 S.
776 3762 815 3815 10.

256 3829 298 3897 29]
318 3829 525 3900 Hieronym,
554 3830 632 3900 epist.
651 3830 691 3894 52,
716 3831 809 3897 Migne
827 3831 869 3894 22,
895 3831 961 3885 529:
989 3847 1037 3886 aec
1053 3833 1152 3884 mirram
1170 3850 1230 3887 cum
1246 3833 1327 3886 ctiam

185 3897 252 3951 Octo
271 3899 415 3952 Censorius
432 3901 550 3952 Borcani
574 3901 681 3969 pencris
706 3900 903 3953 disertissimus
925 3902 981 3953 lom
1005 3907 1031 3954 ct
1054 3917 1134 3954 senex
1152 3919 1267 3971 procons
1284 3903 1327 3957 lit-

185 3968 377 4090 qcpgs7qigccr·c
395 3984 444 4021 acc
463 3969 601 4021 erubuerit
618 3984 665 4022 nec
684 3969 881 4037 desperaverim
900 3970 981 4038 Hugo
1000 3972 1032 4024 de
1051 3970 1077 4024 S.
1096 3971 1216 4036 Victore,
1235 3971 1327 4040 Migne

256 4106 298 4175 31]
319 4107 360 4162 die
375 4107 464 4162 Citate
484 4106 619 4171 stimmen,
640 4108 794 4175 abgcsehen
812 4125 867 4161 von
885 4108 1063 4174 belanglosen
1081 4109 1220 4164 ldeineren
1238 4099 1327 4164 dude·

145 4223 148 4232 .
185 4192 289 4242 rungen
308 4178 391 4246 (prae
410 4177 516 4230 ceteris’
542 4179 613 4229 statt
632 4181 747 4246 ‘praeter
766 4177 890 4246 ceteros’)
910 4195 944 4231 zu
963 4176 1041 4242 Cia,
1064 4178 1136 4232 Lael.
1156 4181 1175 4243 l,
1195 4182 1210 4233 5
1229 4181 1283 4233 und
1301 4182 1326 4235 4.
