3074 4854
639 233 856 292 -63—

179 406 311 466 locorum
344 405 392 464 vel
426 403 562 481 gentium
597 402 807 463 diversitatem
840 423 876 461 ex
904 401 1072 461 contractis
1102 422 1156 479 per
1179 407 1324 479 utrosque

180 491 334 570 principes
358 491 455 568 copiis
479 491 601 567 cogitur
623 495 714 567 poeta
737 489 944 549 demonstrare
967 488 1098 566 bellique
1121 488 1323 548 crudelissimi

180 578 277 640 scelus
301 578 411 638 seculis
444 577 581 637 omnibus
612 575 786 636 lnauditum
816 575 975 636 ostendere
1004 595 1038 635 ac
1062 596 1116 654 per
1138 575 1195 636 hoe
1219 575 1323 635 valida

179 667 325 726 lectorum
356 664 481 742 ingonia
514 664 659 723 excitare.
711 663 889 723 Intentio
918 663 981 722 eius
1012 670 1060 721 est
1087 662 1179 722 civile
1202 663 1322 734 bellum,

178 753 270 813 immo
293 752 372 830 ‘plus
397 771 486 827 quam
508 749 608 811 civile’
632 750 746 811 bellum
771 749 912 811 omnibus
936 749 1144 827 reipublicae
1168 750 1322 810 consulen·
1346 761 1360 802 5

179 840 264 900 tibus
287 837 463 898 dissuadere
485 837 630 916 pacisque
653 839 735 915 leges
759 836 902 915 amplecti
926 840 956 895 et
979 836 1166 897 concordiae.

264 943 303 1002 D.
327 941 396 1014 Cur,
420 963 502 1020 rogo,
526 942 640 1002 bellum
664 941 741 1000 illud
764 941 844 1019 ‘plus
869 960 957 1018 quarn
982 939 1081 1001 civile'
1105 939 1253 1001 vocatur?

266 1047 309 1104 Μ.
332 1045 461 1106 Gemina
486 1043 489 1114 l
513 1045 594 1107 ratio
618 1049 674 1120 est,
697 1046 796 1105 nitere
820 1044 939 1121 quidem
965 1044 1044 1121 quod
1059 1046 1156 1104 frater
1177 1044 1323 1105 adversus
1345 1036 1414 1132 31¹3?

179 1133 320 1205 fratrem,
343 1140 432 1212 pater
456 1132 600 1193 adversus
623 1133 720 1193 filium
744 1137 775 1193 et
797 1136 920 1193 econtra
943 1131 1104 1192 dimicavit
1127 1136 1158 1191 et
1180 1131 1323 1209 cognatio

181 1218 320 1279 diversae
343 1220 442 1297 partis
465 1219 643 1279 vulneribus
667 1219 780 1280 mutuis
804 1217 947 1293 concidit,
971 1219 1070 1278 altera
1093 1217 1171 1294 quod
1194 1218 1323 1296 populus
1334 1227 1360 1270 10

179 1307 336 1366 Romanus
349 1308 387 1366 ab
403 1307 452 1366 his
466 1307 581 1366 duobus
594 1306 785 1384 principibus
802 1304 920 1365 excitus
944 1305 982 1365 ad
998 1325 1131 1384 pugnam
1147 1305 1324 1365 cruentissi-

179 1414 256 1452 mam
288 1393 398 1471 periit,
432 1414 487 1471 per
517 1413 590 1470 quos
621 1394 659 1453 ab
683 1392 824 1453 hostibus
852 1391 1005 1453 extraneis
1029 1391 1230 1452 defensandos
1253 1391 1323 1456 fuit.

178 1480 318 1557 Denique
349 1480 518 1540 finalem
554 1500 701 1540 oausam
730 1481 768 1539 ab
799 1479 990 1539 immanitate
1019 1500 1131 1552 rerum,
1162 1479 1200 1537 ab
1229 1479 1324 1538 exitio

178 1566 389 1627 dissidentium
405 1566 545 1645 intellige
568 1574 606 1639 et,
629 1587 666 1626 ne
689 1566 784 1626 simili
801 1566 887 1627 modo
909 1586 1023 1645 pereas,
1047 1566 1216 1643 profectum
1238 1572 1323 1625 tuum

179 1675 216 1713 ex
238 1653 369 1714 lectione
396 1653 429 1713 in
459 1655 543 1731 pacis
571 1653 712 1714 custodia
741 1673 828 1731 poue.
877 1653 1012 1712 Maxima
1035 1673 1107 1713 vero
1138 1672 1228 1712 causa
1252 1651 1363 1713 bellio

179 1741 268 1800 huius
292 1747 366 1815 erat,
391 1741 469 1817 quod
484 1740 579 1801 Cesar
597 1741 712 1800 nullum
737 1740 848 1800 habere
871 1740 931 1800 sibi
950 1740 1048 1800 voluit
1071 1738 1216 1818 equalem,
1239 1740 1325 1800 Pom-

178 1828 264 1905 peius
296 1826 413 1886 nullum
446 1827 505 1886 sibi
537 1826 639 1886 voluit
671 1828 782 1888 habere
813 1826 1011 1904 superiorem3
1044 1827 1124 1886 alter
1158 1826 1324 1904 triumphis

180 1914 284 1974 multis
308 1913 344 1974 de
367 1913 472 1974 Gallia
495 1919 527 1973 et
549 1913 722 1988 Germania,
744 1914 836 1974 immo
860 1914 896 1974 de
911 1914 1051 1974 omnibus
1071 1914 1133 1974 fere
1158 1912 1324 1974 occidentis

178 2001 320 2078 partibus
336 2001 482 2079 glorians,
506 2002 584 2061 alter
599 2023 636 2061 ex
656 2000 757 2062 officio
771 2003 927 2062 Romanae
948 2001 1122 2080 dignitatis,
1147 2001 1225 2076 quod
1244 2000 1326 2060 vide·

179 2088 252 2148 licet
274 2087 483 2148 nobilissimus
517 2088 578 2147 dux
602 2087 723 2162 extitit,
751 2095 843 2166 caput
871 2088 1019 2151 exaltans.
1064 2088 1172 2166 Itaque
1202 2088 1234 2147 in
1257 2093 1365 2148 con-2⁰

178 2195 285 2252 gressu
308 2175 421 2234 civium
444 2175 593 2236 acerrimo
608 2174 702 2236 Cesar
716 2174 763 2236 bis
776 2175 877 2236 victus
900 2180 990 2254 terga
1011 2176 1115 2247 vertit,
1137 2175 1233 2235 tercio
1257 2195 1324 2235 con·

179 2282 285 2340 gressu
310 2261 487 2338 Pompeium
512 2261 607 2322 Cesar
629 2262 730 2322 victor
753 2262 890 2341 fugavit,
915 2263 946 2321 iu
971 2283 1030 2339 qua
1053 2263 1124 2340 fuga
1147 2281 1201 2339 per
1224 2281 1323 2340 regem

179 2349 216 2408 ad
241 2368 326 2425 quem
351 2349 532 2427 confugerat
555 2349 709 2410 occubuit.

266 2451 372 2524 Super
395 2451 561 2512 (lrnoium.
587 2449 691 2518 <D.>
723 2453 769 2513 De
785 2451 892 2512 Oratio
915 2456 949 2512 ut
972 2453 1070 2512 fertur
1092 2452 1179 2513 lirico
1204 2459 1235 2512 et
1257 2471 1325 2513 aou‘

180 2539 302 2600 tissimo
333 2540 533 2617 <satyrieo>
568 2560 628 2600 non
663 2539 826 2599 subtrahes
866 2539 944 2616 quod
975 2538 1099 2612 novisti,
1134 2546 1177 2614 ut,
1210 2539 1236 2600 si
1266 2545 1366 2618 qua24'>

179 2626 321 2687 lectionis
346 2627 410 2686 eius
433 2632 481 2687 est
504 2626 634 2698 utilitas
658 2634 762 2687 nostro
786 2625 903 2686 serviat
924 2627 1085 2704 profectui.

264 2714 306 2772 Μ.
329 2713 555 2792 Inportunitati
588 2717 658 2773 tuae
688 2734 798 2774 morem
832 2733 934 2791 geram
974 2734 1028 2791 pro
1060 2733 1161 2792 posse,
1196 2711 1325 2790 qualiter

266 2881 291 2950 1]
311 2880 478 2935 diversitate.

265 3037 290 3106 4]
309 3037 337 3089 in
356 3037 389 3089 T¹
412 3037 467 3090 und
489 3035 533 3089 bei
551 3036 652 3089 Weber
674 3037 712 3089 ist
736 3040 829 3090 zuerst
853 3037 894 3090 als
918 3036 1033 3091 intentio
1058 3038 1106 3090 der
1131 3036 1226 3089 Phars.
1247 3053 1326 3103 ange·

176 3107 262 3173 geben
288 3105 413 3158 ‘lucidare
431 3105 587 3168 Neroncm’3
614 3106 685 3158 daun
712 3105 800 3159 heisst
817 3124 847 3159 es
866 3105 1028 3173 allcrdings:
1053 3113 1123 3160 recte
1142 3113 1231 3158 cutem
1249 3105 1291 3157 int
1305 3107 1326 3158 l·

177 3176 323 3244 lepcntt'bns
341 3175 405 3228 burc
423 3176 484 3228 lons
502 3175 669 3242 vituperatio
687 3182 732 3228 en.
752 3180 773 3228 Α
786 3175 832 3227 lii
850 3176 1050 3241 uretemclr'cunt,
1070 3176 1140 3244 qnod
1159 3176 1195 3229 sit
1212 3175 1331 3227 intentio

177 3261 228 3297 sua
249 3244 387 3366 ‘iiim
405 3245 660 3382 qmaqppseqben
677 3314 710 3366 os
740 3314 772 3365 12

265 3332 427 3452 &fgbriib
447 3356 542 3437 Bern.
565 3355 602 3436 bu
620 3356 717 3435 Lukari
741 3354 781 3436 ed.
800 3383 905 3436 Usener
922 3401 947 3452 p.
967 3384 997 3436 9:
1022 3399 1039 3435 o
1063 3383 1211 3450 qualitate,
1235 3389 1327 3452 utpote

177 3453 246 3505 inter
268 3468 395 3520 penemeos
420 3458 444 3505 et
468 3468 586 3506 socerum
609 3458 699 3517 qesta,
724 3453 773 3504 ubi
796 3457 822 3504 et
843 3452 898 3516 filie·
921 3468 981 3505 cum
1003 3453 1166 3589 pareatibus
1184 3458 1210 3504 et
1225 3455 1325 3516 fratres

178 3521 340 3574 dirrrv'cooere
366 3539 425 3575 cnm
447 3523 585 3586 frutribus
607 3521 673 3589 (vgl.
692 3520 797 3588 Evang.
816 3521 890 3575 Lucii
909 3522 949 3584 12,
968 3522 1001 3574 53
1023 3541 1029 3584 ;
1058 3521 1122 3574 sehr
1147 3520 1258 3575 nhnlich
1283 3522 1325 3575 bei

177 3590 277 3642 Weber
295 3590 321 3644 S.
339 3591 368 3655 4,
394 3609 436 3644 wo
461 3591 501 3645 als
525 3593 598 3645 erste
617 3589 773 3658 Erklarung
796 3590 841 3642 flir
859 3591 910 3644 den
928 3590 1074 3644 Ausdruck
1093 3591 1136 3660 ‘pl.
1155 3609 1180 3659 q.
1200 3590 1259 3644 civ.'
1280 3609 1326 3645 an·

176 3659 288 3726 gefbhrt
305 3658 357 3713 ist:
387 3659 458 3727 quod
474 3661 587 3724 facerunt
605 3660 645 3711 ibi
663 3676 714 3711 non
734 3661 819 3712 solum
837 3662 922 3726 cives,
947 3659 993 3712 sed
1012 3665 1037 3712 et
1055 3667 1199 3713 extraneae
1219 3666 1324 3729 perdar,-

176 3727 219 3781 bei
230 3728 342 3782 Kourad
353 3730 390 3798 [Z.
404 3729 446 3798 12]
460 3729 567 3782 kommt
578 3728 653 3782 diese
663 3729 848 3795 Begrtlndung
866 3747 917 3782 nur
929 3728 1077 3782 verwischt
1095 3748 1157 3783 zum
1170 3730 1323 3784 Ausdruck.

176 3797 239 3864 Vgl.
258 3797 386 3865 dbrigens
405 3797 475 3878 anob
494 3798 596 3890 Lukan,
622 3797 718 3851 Phara.
737 3799 770 3863 Il,
799 3799 847 3852 150
865 3799 884 3852 f.
903 3799 959 3851 und
977 3797 1071 3863 Isid,
1091 3817 1128 3853 or.
1148 3800 1245 3865 XVIII,
1267 3801 1288 3864 1,
1307 3801 1331 3852 4-

175 3868 336 4015 ὴὴῗΐῖἦωὲ.
368 3867 606 4002 uidlsiiis,birilst
625 3937 686 3989 adv,
705 3952 765 4005 pag.
782 3936 827 4016 III,
849 3937 888 4000 15,
910 3937 986 3990 1811.
1006 3938 1016 4006 (
1036 3979 1041 3990 .
1061 3937 1143 4016 3991.
1163 3938 1203 3991 ed.
1223 3939 1323 4005 Zange-

175 4009 300 4069 merstem
336 4024 361 4076 p.
385 4006 437 4059 400
464 4006 513 4059 das
538 4008 618 4059 Wort
648 4006 845 4073 ‘congressro’);
881 4005 991 4059 Konrad
1017 3955 1096 4059 lrann
1120 4007 1219 4076 Jedoch
1252 4008 1322 4061 auch

176 4092 226 4128 aus
246 4075 527 4129 denLukunscholien
546 4074 692 4144 gesch'opft
708 4075 803 4140 haben,
822 4074 850 4127 in
867 4074 988 4128 walchen
999 4074 1112 4129 Orosius
1130 4076 1238 4145 kopiert
1247 4076 1329 4141 wird,

176 4162 197 4197 s.
218 4145 339 4198 Comm.
359 4146 454 4198 Bern.
474 4145 514 4198 ed.
534 4145 639 4197 Usener
657 4162 691 4197 zu
708 4143 804 4196 Phars.
822 4144 868 4210 Vl,
890 4145 911 4197 1.
931 4144 989 4197 285.
1009 4144 1079 4266 {VH'
1099 4145 1169 4212 521).

247 4215 395 4284 2liupert]
416 4231 436 4267 a.
457 4214 525 4267 oben
544 4214 584 4277 22,
605 4214 628 4266 1.
687 4213 845 4283 proposse]
865 4230 886 4266 s.
906 4214 1008 4267 ebant
1028 4256 1032 4276 ,
1054 4214 1098 4277 11;
1125 4214 1167 4278 33,
1189 4213 1227 4266 18.
