3074 4854
561 236 856 314 y-is-

176 406 209 464 in
244 405 479 483 magnitudinem
512 404 720 464 rationabilem
752 412 782 463 et
814 403 925 482 figuras
959 404 1070 464 solidas
1101 405 1315 482 distinguitur?

176 492 363 570 Egiptiorum
388 491 537 570 sapientia
558 501 626 569 post
641 491 705 551 Nili
728 489 904 549 inundantis
927 511 1090 569 regressum
1113 512 1165 570 per
1183 491 1315 550 diversas

177 579 269 657 ipsius
298 577 475 656 disciplinae
503 576 615 637 formas
645 578 758 637 divisas
786 577 904 636 initium
934 586 1028 638 terrae
1057 577 1236 637 dividendae
1264 598 1317 656 per

177 664 273 726 lineas
297 674 326 724 et
348 684 501 724 mensuras
522 684 632 723 nomen
656 664 712 723 arti
735 663 824 724 dedit.
848 660 992 723 Rationes
1010 684 1127 743 quoque
1142 674 1315 742 temporum,

176 760 257 812 ortus
285 771 408 811 occasus
434 761 464 810 et
489 751 651 828 positiones
682 751 846 829 signorum,
874 760 1000 810 naturae
1022 771 1126 810 cursus
1149 760 1178 810 ct
1200 750 1351 811 ordina-a

175 839 270 898 tiones
293 837 492 916 planetarum,
514 837 690 897 firmamenti
714 846 853 896 constans
874 837 1083 910 inconstantia,
1106 836 1315 896 elementorum

176 925 289 984 discors
320 923 492 995 concordia,
522 922 629 1002 quibus
653 923 709 982 nisi
732 921 978 1000 astrologicis
1000 932 1105 1002 patent
1127 923 1316 984 auctoribus?

177 1011 215 1070 In
237 1010 294 1069 hac
318 1018 380 1069 arte
402 1010 536 1069 notanda
558 1019 663 1069 estex
685 1011 799 1068 ratione
821 1009 956 1070 diametri
979 1010 1209 1089 proportionalis
1229 1030 1317 1088 capa·

178 1098 251 1156 citas
274 1095 385 1168 circuli,
408 1116 485 1174 quae
507 1116 600 1156 causa
623 1117 699 1175 quas
723 1096 825 1155 stellas
848 1095 905 1155 dici
930 1097 1121 1156 stationariae
1144 1096 1318 1175 compulerit

177 1193 206 1243 et
227 1182 422 1261 retrogradae
446 1203 535 1261 quam
556 1184 634 1242 reris
656 1182 798 1261 probetur
819 1182 944 1255 indiciis,
967 1183 1045 1261 quod
1068 1182 1191 1262 planeta
1214 1182 1316 1242 eadem
1328 1195 1353 1237 10

178 1270 280 1329 eodem
314 1269 387 1328 anni
421 1279 552 1348 tempore
583 1268 675 1329 solem
710 1269 910 1347 subsequatur
942 1289 1063 1348 vespere
1096 1279 1127 1329 et
1159 1269 1318 1348 praecedat

178 1355 319 1428 diluculo,
341 1377 396 1416 nec
418 1356 542 1416 eandem
566 1376 629 1416 esse
651 1355 829 1416 circulorum
852 1355 922 1415 solis
938 1356 1099 1416 secundum
1118 1365 1214 1416 motus
1228 1358 1316 1416 ratio-

178 1442 295 1502 nabiles
329 1443 534 1521 capacitatem.
579 1443 684 1502 Habet
717 1442 827 1520 quippe
856 1442 887 1501 in
918 1442 1020 1502 ariete.
1039 1453 1068 1503 et
1096 1443 1174 1502 libra
1202 1454 1317 1503 meatus

178 1529 367 1609 prolixiores,
397 1529 428 1587 in
459 1549 568 1589 cancro
597 1538 626 1589 et
653 1530 826 1607 capricorno
854 1530 1077 1602 contractiores,
1108 1529 1317 1589 invariabilem

177 1627 277 1676 tamen
314 1615 451 1676 videlicet
483 1614 621 1674 XXIIII
656 1615 796 1675 horarum
834 1615 1008 1675 diurnarum
1045 1627 1352 1694 nocturnarumquera

178 1703 398 1762 distinctionem
431 1702 660 1780 distinctumque
692 1703 798 1760 miram
825 1702 987 1761 earundem
1018 1704 1206 1775 varietatem,
1241 1723 1317 1782 quae

178 1789 297 1867 quidem
321 1789 421 1848 omnia
444 1787 541 1848 ethis
565 1788 674 1848 similia
697 1789 902 1848 astronomicis
924 1789 1136 1868 comprehensa
1152 1801 1319 1849 noscuntur

178 1875 270 1935 literis
294 1884 323 1934 et
345 1873 520 1934 liberalibus
544 1874 664 1935 addicta
686 1873 860 1953 disciplinis

264 1962 303 2020 Ι).
327 1961 409 2036 Quia
431 1961 467 2020 de
490 1961 672 2021 astronomia
694 1960 742 2021 vel
766 1960 927 2041 astrologia
950 1981 1044 2021 sermo
1064 1972 1132 2021 tuus
1148 1962 1318 2022 indifferens

179 2057 235 2120 est,
263 2048 336 2108 scire
358 2047 457 2119 velim,
480 2048 504 2106 si
527 2048 559 2105 in
581 2046 705 2107 diversis
729 2047 883 2107 vocabulis
905 2068 966 2107 una
989 2048 1165 2127 significatio
1187 2048 1235 2109 vel
1258 2061 1354 2108 ma-ao

178 2135 253 2194 teria
275 2144 326 2194 est.

265 2222 308 2280 Μ.
330 2221 525 2282 Astronomia
548 2221 597 2281 lex
619 2232 774 2293 astrorum,
798 2219 959 2298 astrologia
981 2240 1075 2280 sermo
1098 2220 1135 2280 de
1158 2222 1246 2281 astris
1267 2232 1319 2282 est.

179 2307 299 2383 Quibus
315 2328 384 2387 ergo
408 2321 519 2368 ‘sensus
533 2309 686 2368 exercitati
709 2317 781 2367 sunt
803 2306 841 2366 ad
864 2307 1068 2366 discretionem
1091 2306 1161 2366 boni
1184 2317 1213 2367 et
1232 2307 1319 2379 mali,

178 2395 231 2473 qui
258 2395 287 2453 in
320 2394 467 2454 thesauris
497 2395 573 2455 sacri
601 2394 710 2474 eloquii
735 2394 893 2454 abundant
916 2413 988 2453 auro
1012 2403 1041 2452 et
1063 2403 1184 2472 argento
1207 2395 1320 2474 Egipti,

179 2490 289 2540 norunt
321 2481 393 2559 quid
425 2503 441 2542 e
472 2481 649 2560 supradictis
681 2481 849 2560 disciplinis
883 2500 985 2540 sacrae
1018 2481 1181 2558 scripturae
1214 2481 1320 2541 studiis
1329 2495 1355 2537 25

180 2567 312 2627 adiciant
341 2568 449 2646 quidve
477 2569 611 2640 reiciant,
644 2569 818 2647 praesertim
845 2587 913 2627 cum
941 2565 1027 2626 nobis
1055 2566 1093 2626 ab
1120 2567 1192 2646 ipsis
1215 2569 1320 2628 mundi

180 2653 364 2733 philosophis
380 2654 536 2714 verborum
560 2655 767 2714 administrata
789 2655 827 2713 sit
848 2654 933 2726 ratio,
955 2654 1079 2712 rationis
1101 2654 1257 2725 ordinatio,
1281 2655 1319 2714 ab

180 2739 387 2800 ecclesiasticis
416 2762 485 2801 vero
518 2741 690 2802 auctoribus
723 2741 937 2801 sententiarum
966 2739 1143 2818 pulcritudo
1174 2777 1213 2785 -
1242 2742 1320 2801 Ecce

179 2825 218 2886 de
244 2827 322 2886 notis
345 2827 516 2888 auctoribus
539 2839 575 2899 et,
598 2839 632 2886 ut
653 2829 696 2888 ita
718 2827 823 2899 dicam,
847 2825 1021 2905 vulgaribus
1037 2827 1176 2887 Camenis
1198 2828 1319 2888 tandem

181 2914 221 2972 ad
243 2922 346 2992 portas
368 2913 537 2974 liberalium
560 2914 787 2993 disciplinarum
808 2914 955 2992 progressi
979 2933 1089 2985 sumus,
1117 2914 1178 2986 ubi,
1201 2915 1226 2974 si
1249 2915 1356 2993 quidso

269 3089 299 3127 2⁵
319 3084 427 3153 quide]
447 3083 492 3152 qui
511 3084 551 3137 de.
675 3083 812 3136 '25studiis
831 3083 959 3152 adiciant]
979 3084 1077 3138 studiis
1096 3083 1175 3152 quid
1194 3084 1320 3138 adiciant.

269 3241 585 3309 2]1sid.,0r.111,10,
607 3241 633 3293 1:
751 3240 784 3291 ob
803 3238 951 3307 Aepyptiis
973 3245 1079 3308 reperta
1105 3239 1223 3298 dicitur,
1250 3237 1321 3306 qaod

182 3309 400 3378 <ia>aadoatc
418 3310 450 3362 N
450 3311 485 3362 ilo
502 3316 527 3363 et
544 3310 666 3361 erunibus
680 3308 895 3377 possessionibus
913 3308 971 3360 cias
990 3309 1052 3360 limo
1070 3308 1194 3362 obductis
1209 3309 1321 3361 initiam

183 3384 270 3430 terrae
289 3378 452 3432 diuidendae
468 3395 518 3447 per
537 3379 622 3431 lineos
641 3384 665 3431 et
691 3393 831 3431 incasurus
848 3393 942 3429 aaaron
961 3379 1018 3430 orti
1041 3378 1128 3441 aeota
1152 3377 1208 3444 vgl,
1225 3378 1319 3444 Hugo

180 3448 219 3500 de
239 3447 265 3500 S.
283 3447 433 3512 Victore,
452 3448 544 3515 Migne
564 3449 620 3512 176,
641 3449 698 3501 755.

270 3517 294 3585 7]
313 3518 361 3570 der
378 3517 524 3571 Ansdruck
543 3518 656 3570 ‘discors
674 3515 827 3569 concordio'
850 3515 956 3569 kommt
980 3515 1023 3568 bei
1041 3515 1123 3578 Ovid,
1148 3519 1212 3569 met.
1231 3515 1251 3578 I,
1269 3515 1319 3567 433

180 3586 236 3639 und
253 3587 296 3638 bei
314 3587 443 3650 Horaz‚
462 3588 540 3657 epist.
560 3588 578 3650 I,
600 3588 638 3651 12,
660 3587 691 3639 19
710 3604 766 3638 vor.

269 3655 294 3723 9]
313 3656 406 3722 isid,
426 3675 462 3709 or.
484 3657 528 3719 Ill,
548 3657 589 3720 65,
609 3657 624 3709 3
642 3657 685 3709 ff.:
711 3654 844 3734 quaedam
861 3654 953 3736 sidera
971 3652 1062 3706 radiis
1081 3654 1146 3706 sotis
1157 3652 1320 3720 praepedito

181 3725 661 3870 ainvillaldtdiliiddiriadiiidllci
671 3729 1091 3863 ᾞῘιῧέιιῖιῗέιὲιιίῗαῗγεεθηίιῆῑᾱῂε
1108 3792 1216 3861 primas
1225 3791 1321 3871 arietis

182 3862 301 3915 caculas
314 3865 422 3931 primus
439 3870 478 3917 est
495 3865 581 3916 librae
593 3883 616 3917 e.
627 3882 652 3932 q.
664 3880 677 3916 s
691 3883 697 3926 ;
717 3863 774 3926 327,
795 3863 827 3914 10
844 3862 974 3915 zodiacos
993 3863 1068 3915 circa
1085 3877 1211 3915 corcram
1229 3876 1321 3929 copra-

181 3933 467 4070 Cornlii‘iquudffllldidm
487 3934 599 4056 brallil
617 3932 834 4055 Idbdoiindridbli’
847 3931 1041 4068 Iqqgossssdpnq
1055 3932 1183 4055 7illiciore
1228 3999 1321 4065 Migne

182 4069 239 4136 176,
252 4071 365 4193 didius.
384 4157 472 4192 exerc.
492 4157 514 4192 e.
534 4158 558 4208 q.
578 4140 611 4208 s]
631 4139 873 4193 Hebraerbrief
889 4141 912 4200 5,
934 4140 972 4192 14.

252 4214 281 4252 24
293 4209 362 4263 thes.
382 4226 404 4263 s.
423 4208 468 4278 el]
487 4209 542 4275 vgl.
563 4210 631 4262 oben
649 4209 692 4263 die
710 4209 827 4275 Anmkg.
846 4227 880 4261 zu
899 4209 940 4272 66,
959 4210 982 4261 5.
