3074 4854
676 216 887 271 -ssg.-

215 384 353 454 desudat,
389 384 461 462 quia
487 384 610 462 quaerit
639 389 671 442 et
700 382 815 461 reperit
837 382 869 440 in
893 381 941 441 bis
970 381 1113 442 iuventus
1137 381 1251 443 stolida
1274 383 1357 464 qnod

214 492 285 530 suae
308 471 441 532 vanitati
464 474 501 529 ad
526 478 644 548 tempus
667 489 773 549 sapere
795 468 969 548 probatur?

299 559 342 616 Μ.
369 560 400 616 ln
425 557 472 616 bis
496 557 636 616 omnibus
656 577 734 635 quae
756 555 931 627 numerasti,
954 561 1086 633 quantus
1109 554 1174 615 sive
1198 555 1230 614 in
1253 555 1358 616 verbis

213 666 264 704 sen
288 645 434 721 gravibus
457 644 618 704 sententiis
638 643 682 702 sit
692 642 848 722 profectus
868 641 1051 720 disciplinae
1070 642 1181 702 scolari
1198 642 1356 721 studiosis,

189 741 313 791 beorum
337 742 384 790 est
406 730 556 798 iudicare,
589 730 642 809 qui
664 731 790 809 scriptis
818 728 1045 790 ecclesiasticae
1072 729 1253 808 disciplinae
1286 750 1357 791 con·

211 819 298 895 gruis
321 818 433 877 multas
456 838 557 877 eorum
581 817 750 877 sententias
773 818 942 896 probantur
965 816 1139 878 inseruisse.

297 904 336 963 Ι).
359 904 391 963 Si
403 904 536 983 qnodais
555 904 760 983 aliquomodo
778 912 809 963 te
827 905 956 981 probare
979 903 1163 974 constiterit,
1183 903 1262 963 nihil
1279 903 1357 963 mihi

210 990 295 1050 dubii
318 1011 407 1070 super
431 991 478 1050 bis
501 992 683 1062 remanebit;
706 997 820 1049 utnon
843 991 959 1049 frustra
981 988 1159 1049 crediderim
1187 990 1357 1064 candorem,

210 1079 301 1138 immo
333 1078 440 1138 faciem
470 1078 568 1138 totius
596 1077 719 1138 divinae
749 1078 921 1154 scripturae
951 1077 1136 1136 testimoniis
1165 1077 1356 1138 ehtnicorum

175 1173 298 1240 1⁰posse
321 1165 480 1236 sordidari,
503 1165 530 1224 si
554 1165 620 1244 quis
644 1185 678 1224 ea
701 1184 759 1224 non
785 1164 926 1222 timuerit
949 1163 1015 1223 sine
1038 1164 1158 1223 ratione
1181 1164 1322 1225 inserere.

296 1253 339 1310 Μ.
360 1253 482 1328 Ergone
525 1252 644 1328 Moyses
683 1258 715 1310 et
750 1250 905 1310 volumina
937 1251 1153 1329 prophetarum
1194 1250 1356 1311 abicienda

210 1344 290 1408 sunt,
313 1339 385 1416 qnia
408 1338 510 1398 verbis
534 1338 724 1398 ebtnicorum
745 1338 793 1396 vel
812 1337 973 1396 sententiis
997 1336 1181 1415 aliquotiens
1198 1338 1245 1397 usi
1264 1338 1356 1397 sunt?

210 1425 291 1497 Quid
314 1425 462 1504 estquod
486 1426 624 1503 superius
648 1425 787 1495 diximus,
817 1424 889 1502 qnia
920 1424 1065 1502 quicquid
1095 1424 1195 1484 iustae
1222 1425 1355 1484 rationis

210 1514 242 1571 in
276 1511 386 1590 quovis
419 1512 538 1571 homine
570 1512 703 1572 inveniri
734 1530 874 1588 umquam
909 1511 1025 1588 potuit,
1060 1512 1097 1570 ab
1129 1531 1163 1571 eo
1187 1511 1273 1572 venit
1302 1510 1355 1590 qui

175 1603 200 1646 1⁵
212 1601 362 1658 bominem
385 1599 527 1658 creavit?

294 1685 333 1744 D.
358 1687 423 1745 Huc
459 1706 553 1764 usque
583 1705 644 1744 non
677 1684 780 1761 patuit
809 1684 1034 1762 intelligentiae
1057 1690 1196 1758 nostrae,
1225 1685 1253 1745 si
1277 1686 1356 1745 talia

208 1781 337 1851 possunt
360 1773 493 1831 inveniri
516 1773 632 1831 inserta
655 1771 778 1831 divinae
801 1771 982 1848 scripturae.

296 1860 338 1918 Μ.
361 1858 423 1919 Cur
446 1859 511 1934 hoc,
535 1859 595 1919 nisi
618 1858 690 1937 quia
712 1867 743 1917 te
766 1860 887 1936 gemina
910 1878 1003 1920 causa
1026 1857 1159 1918 fefellit?
1189 1865 1244 1917 ant
1273 1859 1353 1919 enim

208 1947 373 2006 (trecorum
409 1946 615 2018 bibliotecam,
644 1946 698 2005 ubi
731 1946 859 2004 maxime
891 1945 1105 2024 philosophica
1132 1945 1293 2005 fervebant
1320 1947 1353 2005 in

174 2033 332 2111 2⁰scriptis
345 2034 535 2092 ehtnioorum
552 2032 707 2105 instit-uta,
720 2052 780 2092 uon
797 2033 924 2091 intrasti
936 2040 989 2091 aut
1002 2032 1216 2092 translationis
1232 2032 1352 2092 modum

209 2119 363 2179 diversum
388 2128 418 2178 et
432 2120 611 2179 dissimilem
635 2119 667 2177 in
686 2119 789 2178 diviua
811 2120 926 2197 pagina
946 2139 1006 2178 non
1027 2118 1237 2179 considerasti.
1265 2119 1354 2192 Quod

208 2206 287 2265 enim
310 2207 359 2266 lex
382 2207 472 2266 metri
499 2207 530 2266 in
561 2206 660 2285 poetis
684 2207 800 2276 habuit,
830 2206 866 2265 de
889 2208 982 2266 verbo
1005 2206 1043 2266 ad
1068 2208 1192 2266 verbum
1223 2206 1353 2284 exprimi

209 2295 240 2351 in
264 2294 332 2372 ipsa
355 2314 414 2353 non
436 2294 540 2372 potuit
563 2314 597 2353 ac
620 2312 674 2370 per
698 2293 753 2352 boc
776 2294 855 2371 quod
878 2293 943 2352 illic
960 2293 1121 2353 memoriae
1143 2293 1354 2364 mandaveras

211 2380 258 2439 lric
282 2382 433 2439 translato
458 2383 550 2440 verbo
573 2379 757 2458 perdideras,
804 2379 892 2440 Unde
915 2378 1029 2440 Paulus
1055 2381 1178 2440 habuit:
1209 2387 1349 2440 ‘corrum-

174 2471 285 2544 aspnnt
306 2469 399 2527 bonos
415 2487 511 2527 mores
536 2467 686 2546 colloquia
705 2468 803 2543 mala’,
831 2466 892 2526 nisi
915 2487 932 2525 a
952 2467 1117 2527 Menandro
1136 2466 1352 2545 antiquissimo

296 2602 322 2672 4]
342 2602 507 2672 disciplinari
525 2601 631 2656 scolari.
810 2605 839 2642 10
852 2602 935 2671 sord]
955 2600 1073 2655 solidari.

296 2741 322 2810 ὅ]
341 2741 382 2794 ‘de
401 2739 587 2794 ecclesiastica
605 2737 755 2859 disciplina’
773 2738 881 2791 betitelt
899 2757 921 2793 z.
940 2739 971 2792 Β.
990 2738 1139 2791 Rhabanns
1157 2739 1270 2791 Maurus
1289 2738 1348 2791 drei

209 2809 322 2874 Bucher,
343 2809 384 2863 die
403 2811 445 2863 bei
463 2809 555 2875 Migne
575 2809 631 2871 112,
653 2808 665 2859 1

296 2879 380 3000 6-3ἐ
401 2878 511 2931 Konrad
538 2878 644 2942 bewegt
661 2875 721 2928 sich
738 2874 798 2929 hier
815 2878 865 2930 aut
880 2877 968 2930 cinam
987 2876 1203 2946 Gemeinplat-ze,
1229 2877 1281 2929 den
1299 2874 1352 2929 wir

208 2948 277 3000 auch
296 2947 339 3000 bei
379 2947 544 3001 babanus
563 2946 706 2999 Maurus
731 2945 855 3015 (doinst.
875 2946 938 3000 cler.
957 2947 1003 3010 ΠΙ,
1030 2947 1070 3009 26,
1089 2945 1181 3013 Migne
1202 2946 1258 3009 107,
1277 2945 1350 3013 404),

206 3016 250 3069 bei
267 3016 419 3070 Abalard
449 3015 541 3083 Migne
567 3015 631 3078 178,
658 3014 724 3067 1165
749 3014 804 3081 d),
833 3014 876 3068 bei
904 3015 1029 3069 Konrads
1056 3015 1158 3068 Lehrer
1178 3014 1349 3068 Wilhelm
1414 3066 1417 3071 .

207 3103 261 3139 von
279 3085 443 3155 Hirschan(
474 3086 537 3151 igne
557 3085 613 3149 150,
635 3083 701 3136 1639
719 3083 758 3149 ff.)
777 3084 889 3137 beriihrt
906 3084 1004 3138 finden.
1039 3085 1076 3136 Zu
1094 3085 1198 3150 grunde
1217 3084 1284 3150 liegt
1301 3083 1351 3136 der

208 3155 248 3208 70.
276 3155 354 3208 Brief
383 3156 430 3208 des
455 3154 705 3222 Hieronymus,
742 3152 834 3218 Migne
859 3154 905 3218 22,
930 3155 982 3206 664
1005 3154 1049 3206 ff.:
1164 3153 1235 3221 arrad
1260 3159 1350 3205 aretem

208 3225 318 3291 quaeris
335 3242 376 3287 μ,
408 3240 457 3278 car
486 3224 516 3275 da
541 3223 680 3290 opusculis
708 3228 809 3274 nostres
835 3225 1018 3276 saecalam'ma
1045 3224 1187 3275 literarum
1213 3221 1349 3274 interdum

203 3295 504 3361 punamaceremplu-at
522 3291 696 3345 candorem
714 3292 840 3344 eeclesiae
858 3292 1072 3346 ctbalcoram
1089 3292 1245 3344 sordibus
1258 3291 1349 3359 polla-

207 3378 293 3424 umas,
312 3363 427 3415 breuiter
444 3377 602 3430 responsam
621 3361 732 3419 habeta·
755 3382 789 3400 -a
807 3362 868 3427 orris
886 3362 956 3413 enirn
973 3361 1076 3415 aresciat
1094 3366 1118 3413 et
1136 3362 1164 3413 ia
1184 3361 1221 3414 M
1225 3375 1307 3428 cyse
1324 3365 1350 3412 et

209 3432 236 3482 iu
267 3432 512 3510 prophetaram
541 3430 782 3484 colorata-ibas
811 3430 944 3496 recaredum
974 3436 1112 3498 assarapta
1146 3430 1177 3482 de
1207 3430 1349 3497 pontillum

207 3500 353 3565 libras&
370 3502 417 3554 secl
436 3501 574 3554 etPaalas
591 3503 730 3567 apostolas·
749 3500 971 3567 ldpr'mcaidis
989 3504 1085 3568 poetae
1104 3500 1205 3551 abrasas
1215 3500 1350 3552 versiculo

207 3575 260 3634 est,
285 3570 404 3623 scribens
427 3570 465 3622 ad
491 3569 578 3623 Titum
605 3570 642 3639 [1,
668 3569 725 3638 12];
753 3569 896 3621 ‘Cretenses
921 3585 1023 3637 serrrper
1047 3568 1132 3621 urard.
1160 3585 1193 3621 m.
1212 3569 1235 3619 b.
1254 3584 1277 3621 u.
1294 3568 1347 3636 p.’;

208 3668 242 3685 »-
263 3641 475 3703 aeramnae·
493 3639 696 3707 apadLutr'aos
714 3644 855 3690 interram
881 3653 931 3689 auu
956 3644 1039 3691 seruat
1063 3637 1105 3690 ad
1128 3639 1203 3690 verb
1215 3653 1264 3689 um
1291 3653 1349 3689 esr-

207 3723 328 3776 prcssa
352 3710 512 3771 translatio,
537 3725 595 3762 cara
615 3709 750 3761 Homerus
773 3707 864 3758 eadem
889 3709 985 3772 linaaa
1009 3723 1102 3760 aereas
1120 3708 1149 3758 in
1170 3723 1280 3776 prosum
1299 3707 1350 3758 oin

208 3778 356 3832 cohaereat.
394 3778 509 3830 Ioulia
533 3794 635 3845 atroque
659 3778 777 3844 epistula
797 3777 827 3845 [l.
849 3776 906 3829 Cor.
928 3778 973 3841 15,
997 3777 1040 3845 33]
1062 3776 1254 3830 Mea-andri
1267 3776 1350 3843 ponit

206 3847 357 3899 senariam:
385 3852 463 3901 ‘cora
489 3864 522 3899 m.
541 3850 565 3900 b.
589 3846 819 3909 confabulationes
842 3848 994 3914 pessr'rnac'3
1013 3864 1056 3895 »a
1074 3846 1209 3913 Josepbas
1228 3887 1250 3899 ..
1270 3850 1347 3898 tanta

207 3917 389 3969 sarcealariam
403 3916 509 3985 profert
527 3917 694 3978 testimonia,
713 3921 744 3967 at
761 3915 828 3966 mila
845 3916 1009 3968 miraculum
1026 3915 1131 3980 srrbeat,
1151 3914 1280 3982 qraoaeodo
1304 3916 1348 3966 uir

207 3985 386 4039 Hebraeae..
406 3993 528 4039 carratam
551 3985 715 4038 Graecorum
738 3985 923 4038 bibliothecam
947 3986 1081 4037 evolverit.
1123 3984 1231 4038 Hieron.
1258 3983 1348 4036 citiert

206 4054 326 4124 Epimen.
346 4055 427 4117 (nach
437 4055 616 4134 Epiphanius)
634 4055 689 4107 und
698 4055 847 4107 Menander
856 4054 926 4107 auch
940 4058 1025 4119 sonst,
1045 4073 1066 4107 s.
1079 4053 1193 4118 Ltibeck,
1213 4053 1346 4122 Hierony·

206 4142 268 4177 mus
287 4142 357 4191 quos
375 4128 482 4178 noverrt
499 4124 654 4192 scriptores,
673 4142 698 4192 p.
719 4124 758 4177 13.
779 4124 819 4176 19.

279 4194 451 4263 1³superius]
470 4211 492 4247 s.
512 4194 580 4246 oben
599 4194 639 4258 39,
659 4194 690 4246 21
710 4193 737 4245 ff.

685 2807 717 2859 91
737 2808 763 2860 ff.
784 2808 951 2873 abgedrnckt
969 2808 1037 2861 sind.
