3074 4854
681 135 976 192 —62-·

302 304 409 377 Super
431 303 616 365 Lucanum.
652 301 761 370 <llL>
801 306 943 365 Lucanus
967 311 1059 382 poeta
1080 304 1203 383 gemina
1225 305 1358 365 illustris

214 392 331 452 virtute
354 393 452 469 primo
476 391 594 468 quidem
621 392 717 467 <in>
743 391 874 466 milicia,
904 391 1012 451 deinde
1036 391 1067 451 in
1090 391 1162 464 otio,
1190 392 1360 453 studiorum

215 478 379 557 disciplina
402 485 434 538 et
456 483 597 539 anteacta
619 478 776 556 probitate
806 477 950 538 curialem
980 484 1011 538 et
1033 478 1268 556 grandiloquum
1300 500 1361 539 mo-

215 567 285 626 dum
316 566 349 625 in
377 565 450 626 stilo
480 565 593 638 tenuit,
626 586 719 627 verax
747 566 780 625 in
817 565 967 626 historiae
997 565 1142 639 veritate,
1176 565 1360 626 validissimi

194 652 334 732 cingenii
367 651 499 724 ratione,
533 653 738 713 strennuitate
766 652 860 712 animi
883 657 914 711 et
941 651 1073 713 miliciae
1103 653 1163 712 iam
1193 653 1360 730 depositae,

216 741 322 818 pulcra
350 741 510 800 verborum
538 744 569 799 et
592 739 812 800 sententiarum
836 739 1037 800 ordinatione.
1076 739 1233 800 Describit
1263 740 1361 817 igitur

217 827 328 887 bellum
352 826 519 902 quoderat
543 825 626 887 inter'
646 826 786 888 Cesaram
810 831 841 886 et
858 826 1036 905 Pompeium
1061 826 1285 887 nobilissimum
1309 827 1360 887 du-

216 933 280 973 cem
296 914 519 986 Romanorum,
547 913 600 973 sed
623 913 737 974 dicitur
753 913 864 973 librum
888 933 973 973 suum
990 913 1147 974 invectiva
1170 913 1361 974 animadver-

184 1062 190 1077 ,
215 1000 299 1061 sione
323 1004 430 1060 contra
459 998 543 1060 cives
570 1000 723 1061 discordia
753 1005 880 1060 cruenta
910 1001 1045 1060 furentes
1075 1000 1250 1060 inchoasse:
1282 1001 1360 1079 ‘quis

179 1095 206 1138 10
216 1088 308 1159 furor,
326 1108 342 1148 o
359 1086 453 1159 cives
470 1085 544 1160 eta',
560 1088 744 1148 avunculum
760 1108 832 1148 vero
848 1087 913 1148 eius
926 1087 1069 1148 Senecam
1086 1087 1185 1147 virum
1201 1087 1360 1148 admodum

214 1175 363 1253 probatae
385 1172 566 1233 cruditionis
590 1175 712 1235 brevem
727 1174 1006 1254 praefaciunculam
1025 1174 1055 1233 in
1078 1174 1145 1253 ipso
1167 1174 1267 1253 capite
1288 1175 1361 1235 libri

216 1260 366 1321 affixisse:
390 1261 479 1320 ‘bella
501 1280 556 1339 per
571 1261 734 1322 Emathios
755 1261 824 1340 plus
849 1281 937 1339 quam
956 1261 1063 1322 civilia
1082 1259 1212 1340 campos’
1235 1268 1362 1340 propter

216 1348 427 1408 inconcinnam
453 1353 484 1406 et
508 1347 640 1408 subitam
664 1348 867 1409 invectionem
896 1350 926 1407 in
945 1348 1033 1409 ¹cives
1056 1349 1219 1409 Romanos.
1264 1349 1360 1408 Porro

215 1435 344 1495 Neronis
367 1434 416 1494 dei
439 1440 469 1493 et
493 1433 647 1494 hominum
670 1435 769 1496 hostis
794 1441 930 1514 tempore
952 1440 1059 1495 auctor
1081 1435 1141 1494 iste
1159 1434 1273 1507 floruit,
1296 1434 1361 1513 pal·

182 1521 294 1581 uliam
323 1522 415 1582 litera
447 1520 543 1581 vitam
568 1528 599 1581 et
628 1542 725 1583 mores
747 1521 896 1601 principis
919 1521 993 1582 adeo
1020 1521 1224 1594 confundens,
1253 1526 1299 1598 ut,
1334 1521 1360 1581 si

215 1612 362 1668 cessasset
377 1607 510 1669 omnium
525 1609 678 1686 generalis
693 1613 724 1669 ct
738 1608 863 1688 publica
878 1609 910 1668 in
928 1629 997 1669 eum
1016 1613 1160 1687 congesta
1177 1607 1361 1681 maledictio,

214 1695 357 1774 propriae
380 1696 465 1755 urbis
489 1714 561 1754 suae
583 1703 690 1775 poetae
713 1695 868 1756 sufficeret
889 1696 988 1756 tacita
1009 1695 1042 1755 in
1064 1717 1130 1755 eum
1151 1695 1270 1755 inflicta
1293 1715 1361 1756 con·

215 1783 306 1844 fusio.
352 1781 428 1842 Cum
459 1782 538 1842 enim
571 1782 651 1842 idem
674 1784 767 1854 Nero,
798 1783 991 1846 ramusculus
1019 1782 1209 1853 antichristi,
1240 1783 1362 1841 strabus

215 1874 295 1929 esset
318 1875 349 1929 et
372 1869 512 1929 omnibus
535 1869 626 1930 viciis
650 1870 824 1948 squalidus,
857 1869 993 1930 ‘Romam
1017 1869 1141 1946 obliquo
1164 1867 1271 1929 sidere’
1294 1869 1361 1946 regi

180 1959 305 2034 2⁰poeta
327 1956 496 2035 principem
520 1956 629 2017 derisit
651 1964 690 2031 et,
720 1957 747 2017 si
770 1977 806 2017 ex
829 1976 891 2016 una
919 1961 1007 2036 parte
1030 1957 1107 2017 caeli
1129 1962 1251 2016 tronum
1275 1976 1362 2016 suum
1451 1974 1454 1981 ’

214 2044 360 2120 posuerit,
385 2044 540 2103 exaltare
563 2049 651 2123 parte
674 2045 791 2106 caelum
813 2048 931 2104 tantum
954 2043 1073 2123 pondus
1097 2043 1231 2103 sentiens
1255 2042 1361 2115 levari,

216 2129 294 2205 quod
317 2133 414 2190 totum
436 2137 562 2209 propter
584 2131 701 2191 tiranni
721 2131 954 2192 crassitudinem
975 2136 1006 2190 et
1026 2130 1247 2210 corpulentiam
1271 2129 1360 2192 dixit.

301 2217 340 2276 l).
364 2217 568 2277 Materiam
585 2218 649 2278 eius
668 2219 799 2295 inquiro,
815 2218 901 2278 cuius
921 2218 1027 2277 stilum
1046 2223 1184 2295 exparte
1199 2235 1360 2294 cognosco.

303 2305 344 2362 Μ.
368 2303 401 2363 Si
425 2304 507 2364 nosti
530 2304 633 2364 civilis
666 2305 740 2365 belli
763 2305 943 2379 historiam,
973 2304 1046 2364 libri
1070 2304 1160 2364 huius
1183 2304 1277 2363 babes
1300 2323 1362 2362 ma·

179 2389 339 2462 25teriam;
364 2396 411 2451 est
434 2391 513 2451 enim
536 2392 670 2452 auctoris
695 2393 784 2452 huius
808 2391 937 2452 materia
960 2392 1072 2452 bellum
1097 2390 1257 2468 quoderat
1280 2389 1363 2450 inter

216 2475 355 2536 Cesaram
379 2482 411 2538 et
434 2478 609 2557 Pompeium
634 2485 665 2539 et
688 2499 789 2539 eorum
811 2479 1063 2556 consanguineos,
1086 2478 1168 2538 inter
1191 2497 1266 2555 quos
1289 2483 1360 2556 post

215 2568 342 2624 mortem
366 2563 494 2625 istorum
517 2566 691 2644 principum
719 2566 845 2626 duorum
871 2565 991 2626 Cesaris
1022 2570 1053 2625 et
1076 2565 1215 2644 Pompeii
1247 2564 1360 2624 bellum

216 2650 366 2712 incertum
390 2652 486 2712 multo
509 2661 646 2731 tempore
670 2652 731 2712 fuit
754 2658 785 2712 et
808 2652 935 2713 varium.
972 2653 1008 2712 ln
1033 2673 1092 2730 qua
1114 2652 1207 2712 etiam
1230 2650 1361 2743 materia

303 2837 331 2906 5]
347 2837 564 2891 strennuitatem.

303 2994 402 3064 e‘quis’
421 2995 448 3047 ff.
467 2995 522 3047 und
542 2995 668 3048 12‘be11a'
688 2994 727 3064 ff]
747 3018 777 3039 =
797 2995 869 3059 Luc,
888 2994 983 3048 Phars.
1003 2995 1023 3060 l,
1043 2995 1058 3048 8
1077 2994 1131 3047 und
1151 2994 1173 3046 1.

287 3065 328 3134 10]
348 3063 547 3117 Commenta
565 3064 752 3117 Bernensia
771 3082 805 3116 zu
823 3064 926 3128 Lukan,
946 3064 986 3117 ed.
1004 3064 1110 3118 Usener
1130 3063 1203 3128 1869,
1225 3062 1292 3116 S.8:
1310 3062 1359 3115 bos

220 3134 284 3188 VII
300 3149 393 3186 ceratis
407 3133 513 3200 primos
531 3132 635 3186 dicitur
654 3135 753 3188 Seneca
771 3149 805 3186 err
827 3148 876 3185 sco
894 3133 1049 3199 addidisse,
1075 3140 1106 3185 at
1130 3133 1241 3199 quidam.
1266 3132 1361 3185 ool-ont

215 3203 493 3257 counculcsLucuui.
512 3203 672 3269 etquidem
690 3203 784 3256 colunt
799 3203 895 3267 frutcr,
915 3219 946 3255 uc
964 3203 1103 3256 videretur
1121 3202 1360 3270 libercruobrupto

215 3273 353 3337 inchoare,-
372 3271 427 3338 vgl.
446 3272 561 3325 Webers
580 3271 761 3339 Lukanausg„
780 3271 835 3325 vol.
853 3273 893 3324 ΙΙΙ
911 3273 954 3341 (=
976 3271 1110 3340 Scholien)
1129 3290 1154 3341 p.
1173 3272 1189 3324 3
1208 3271 1227 3324 f.

287 3340 329 3410 1⁸]
346 3341 418 3461 lauch
442 3341 480 3394 im
504 3342 597 3409 Sper.
619 3342 710 3408 Virg.
735 3342 779 3411 42
805 3341 939 3408 begegnet
963 3342 1005 3394 die
1023 3341 1183 3407 Wandung:
1203 3340 1361 3394 antichristi

215 3427 395 3464 ramuscucs.

287 3481 397 3549 18-23]
418 3479 535 3534 Comm.
554 3479 657 3545 Bern,
677 3480 782 3533 Usener
800 3497 824 3548 p.
845 3480 877 3532 15
895 3497 929 3532 zu
947 3480 1018 3533 Vers
1036 3480 1084 3532 55:
1103 3479 1233 3545 ciconiam
1251 3479 1359 3532 strabus

217 3549 289 3604 Nero
304 3549 369 3615 fcit,
388 3567 422 3602 zu
440 3549 473 3602 V.
492 3550 525 3602 57
534 3568 539 3602 :
559 3549 663 3601 dicitur
681 3553 750 3602 errr'm
769 3548 843 3601 Nero
863 3548 938 3600 obeso
954 3549 1041 3613 frcissc
1059 3563 1177 3615 corpore.

287 3618 329 3688 1⁹]
348 3618 438 3683 Luc,
457 3617 548 3687 phars.
567 3619 586 3682 Ι,
607 3619 654 3671 55;
673 3619 745 3670 ande
763 3623 839 3670 trram
857 3617 953 3670 videas
971 3618 1078 3685 obliquo
1095 3617 1184 3670 sidere
1202 3618 1324 3670 Rorncm.

285 3693 314 3730 ‘22
325 3687 502 3757 corpulentia]
521 3687 637 3740 Webers
655 3686 874 3740 Lukanscholien
893 3687 919 3740 S.
939 3687 971 3739 15
990 3689 1034 3757 (zu
1052 3687 1085 3741 V.
1103 3687 1161 3756 58):
1179 3703 1239 3740 cum
1257 3686 1360 3739 nullum

216 3759 399 3825 corpulentam
415 3759 503 3824 possit
521 3757 550 3807 r'c
569 3758 673 3809 octbcre
692 3771 756 3808 case.

286 3827 328 3895 25]
348 3826 401 3878 T1:
426 3825 567 3878 chartarium
592 3826 670 3878 babet
688 3828 820 3878 Iacobus
843 3827 873 3876 r'n
897 3826 946 3878 boc
970 3839 1048 3893 opere
1069 3824 1265 3892 principaliter
1282 3825 1359 3877 Pom·

212 3896 304 3964 perum
324 3901 348 3948 ct
357 3895 493 3957 Ccscrcm3
513 3895 546 3947 T¹
560 3895 666 3949 stimmt
677 3895 736 3948 hier
748 3896 805 3948 fast
816 3911 885 3960 ganz
899 3912 933 3946 zu
943 3894 1041 3947 demin
1050 3893 1165 3947 Webers
1176 3892 1358 3946 Lukanschol

217 3965 242 4018 S.
265 3965 281 4017 3
305 3965 371 4017 iiber
396 3964 525 4017 ‘intentio’
550 3968 605 4016 und
632 3963 762 4018 ‘materia'
788 3963 1020 4031 Vorgebrachten.
1072 3964 1167 4016 Bern.
1194 3963 1299 4032 Traj.:
1328 3979 1359 4014 rra

215 4034 496 4100 LucanoPomper'uru
507 4034 629 4087 (Jcsrucor
647 4040 767 4085 secatam
788 4034 928 4086 >carterium
947 4033 1089 4100 accipiant
1107 4031 1228 4100 crudam,
1246 4031 1359 4098 quidum

213 4104 288 4156 solas
301 4119 481 4170 personarum
501 4104 619 4156 rectiones
638 4109 667 4156 ut
685 4104 764 4156 ciuile
783 4103 886 4156 bellom.
1309 4098 1313 4106 '
