3074 4854
638 251 851 306 „73.„

177 416 269 493 longe
301 415 445 476 dissimili
475 437 565 476 sensu
593 417 809 495 significemus.
862 418 975 478 Verum
1004 416 1039 476 de
1067 415 1144 493 ipsis
1175 413 1319 475 bucolicis

177 503 344 580 exemplum
369 503 512 563 existimo
536 504 764 581 proferendum,
788 505 839 565 nbi
863 511 954 581 poeta
976 508 1083 564 contra
1109 499 1224 562 emulos
1247 520 1319 560 suos

176 590 307 649 Bavium
319 591 346 649 el
356 591 487 650 lllevium
511 590 621 651 distico
645 612 780 669 pugnare
802 592 925 651 videtur
946 597 977 650 et
999 589 1102 650 verbis
1125 589 1318 667 paucissimis

176 677 273 736 vitam
296 682 425 755 etopus
448 698 549 737 cortun
573 678 756 738 confundere
777 681 940 756 probatur:
964 677 1024 757 ‘qui
1047 677 1186 748 Bavium,
1209 676 1317 754 inquit,

176 784 235 824 non
259 763 334 838 odit,
363 770 444 824 amet
467 772 519 823 tua
542 767 685 834 carmina,
708 766 930 844 Mevifatque
952 764 1032 823 idem
1068 765 1177 839 iungat
1212 761 1352 839 vulpest

177 860 206 910 et
228 849 362 928 mulgeat
387 849 502 911 hircos’.
547 851 585 910 In
614 851 723 930 quibus
752 851 850 912 verbis
882 871 1000 910 sensum
1030 850 1179 929 geminum
1208 849 1317 927 poteris

179 937 333 996 advertere
352 935 429 997 idest
451 937 530 1015 quod
552 957 606 1016 pro
628 937 685 998 hoc
707 938 796 1011 malo,
818 938 896 1018 quod
920 938 986 1016 quis
1008 937 1138 996 Bavium
1161 955 1223 995 non
1246 935 1317 1008 odit,

178 1043 279 1083 amare
301 1032 426 1100 cogatur
446 1025 580 1083 carmina
601 1024 684 1084 Mevi
711 1035 816 1104 poetae
843 1034 873 1085 et
896 1033 980 1084 tanta
1006 1023 1084 1084 idem
1106 1022 1249 1082 obruatur
1271 1021 1319 1082 de·

177 1110 298 1182 mentia,
322 1119 356 1168 ut
377 1109 484 1188 vulpes
507 1119 592 1189 putet
613 1132 676 1171 esse
699 1121 733 1171 ut
754 1112 845 1172 boum
868 1111 955 1190 paria
976 1109 1092 1188 iugales
1115 1119 1145 1169 et
1166 1108 1263 1169 hircos
1286 1120 1320 1169 ut

178 1217 284 1274 capras
315 1195 497 1275 mulgibiles‚
532 1196 611 1275 quod
638 1208 747 1258 natura
769 1219 829 1258 non
852 1197 991 1270 admittit,
1014 1195 1067 1257 vel
1089 1205 1166 1256 certe
1188 1197 1320 1274 ipsorum
1331 1212 1355 1255 ro

178 1283 343 1344 emulorum
363 1303 482 1343 suorum
498 1283 639 1344 astutiam
659 1294 689 1344 et
706 1284 940 1345 fraudulentiam
956 1293 986 1344 et
1000 1283 1154 1343 feditatem
1176 1283 1320 1361 poematis

178 1369 314 1449 vulpium
337 1379 367 1429 et
388 1369 537 1430 hircorum
566 1372 686 1430 nomine
708 1373 800 1432 tacita
822 1372 957 1431 irrisione
979 1378 1069 1450 poeta
1090 1368 1320 1448 comprehendit.

177 1455 349 1516 Intendit
379 1466 477 1516 autem
514 1466 618 1517 auctor
651 1458 679 1516 in
715 1458 772 1518 hoc
801 1478 888 1536 opere
920 1456 1080 1536 pastoralis
1113 1456 1193 1516 vitae
1226 1475 1320 1516 mores

177 1541 352 1622 qualitatem
374 1544 496 1622 negotia
515 1544 589 1603 seria
606 1543 652 1604 vel
666 1544 754 1604 ludos
766 1544 938 1617 describere,
958 1544 1068 1623 privati
1091 1542 1165 1602 ruris
1188 1551 1217 1602 et
1239 1541 1320 1602 urbis

178 1629 376 1689 differentiam
399 1630 569 1703 ostendere,
597 1630 735 1690 affectum
766 1652 851 1691 suum
879 1632 910 1690 in
933 1630 1072 1691 Cesaram
1098 1641 1128 1689 et
1151 1629 1212 1689 eius
1235 1629 1266 1687 in
1289 1648 1320 1689 se
1331 1643 1355 1684 ra

179 1716 393 1796 protectionem
416 1716 621 1776 commendare
637 1717 736 1796 sieque
758 1717 861 1778 valida
883 1719 1004 1794 ingenia
1026 1716 1189 1794 legentium
1211 1715 1320 1793 signifi-

181 1801 350 1863 cationibus
362 1802 573 1863 occultioribus
587 1823 729 1864 exercere.
752 1804 844 1864 Porro
855 1804 1013 1864 intentioni
1025 1802 1176 1862 materia
1191 1822 1229 1861 ex
1241 1802 1321 1861 omni

180 1898 265 1968 parte
288 1889 519 1967 comprehendit,
542 1890 621 1968 quod
643 1910 696 1969 per
718 1890 839 1950 modum
861 1911 913 1970 per
935 1890 1002 1950 loca
1023 1910 1076 1968 per
1101 1899 1235 1967 tempora
1257 1908 1321 1967 per-

179 1995 327 2053 sonasque
345 1996 468 2054 gregum
490 1976 664 2036 alendorum
686 1976 824 2056 eglogam
849 1978 936 2036 istam
956 1977 1129 2054 composuit.
1152 1975 1320 2035 Fructus

177 2061 355 2139 legentis
383 2064 488 2141 agnita
510 2064 640 2123 maxime
661 2065 827 2143 proprietas
856 2084 998 2142 expressa
1021 2062 1178 2122 latinitatis
1202 2070 1254 2123 est.
1329 2075 1357 2117 ao

179 2148 218 2208 In
241 2148 426 2226 georgicis
449 2169 519 2211 vero
542 2149 690 2228 Virgilius
717 2171 820 2210 curam
842 2151 1019 2229 qualitatem
1050 2159 1167 2228 tempus
1195 2147 1321 2226 agricul-

179 2244 264 2294 turae
292 2235 324 2293 in
346 2236 490 2296 iaciendis
513 2236 691 2310 seminibus,
720 2257 821 2297 curam
850 2236 938 2297 boum
963 2237 1134 2314 cultumque
1156 2255 1320 2314 peccorum,

179 2321 230 2381 sed
253 2330 283 2380 et
304 2322 460 2382 vinearum
482 2322 718 2401 plantandarum
740 2344 827 2384 usum
850 2332 967 2402 tempus
983 2333 1013 2382 et·
1027 2322 1140 2382 cultum
1163 2322 1320 2400 agricolae

179 2429 237 2487 que
267 2407 399 2486 vigilans
435 2409 565 2469 studium
596 2409 750 2484 describit,
783 2419 898 2489 quanta
930 2411 967 2470 sit
994 2429 1144 2488 quamque
1175 2407 1320 2469 mirabilis

179 2506 306 2554 naturae
329 2495 479 2556 subtilitas
501 2505 531 2556 et
545 2497 729 2576 experientia
751 2498 781 2556 in
805 2497 921 2577 apibus,
944 2517 1021 2575 quae
1040 2495 1170 2574 petenda
1191 2495 1279 2555 statio
1302 2507 1355 2555 aaa

178 2590 336 2642 ventorum
359 2582 444 2643 aditu
466 2592 595 2656 remota,
625 2583 697 2662 quid
727 2585 821 2662 prosit
850 2583 1014 2644 nutriendis
1045 2581 1153 2661 apibus
1183 2592 1212 2641 et
1234 2581 1319 2654 obsit,

179 2668 328 2728 distensas
356 2678 473 2729 nectare
503 2669 595 2729 cellas
624 2690 683 2748 quo
706 2670 809 2730 ordine
836 2679 865 2730 et
892 2669 993 2730 officia
1016 2669 1141 2747 singulis
1165 2668 1320 2746 dispertita

177 2764 300 2815 teneant
332 2764 361 2815 et
388 2764 577 2829 conservent,
600 2756 796 2817 differentiam
820 2756 945 2816 duorum
968 2755 1107 2816 alveariis
1131 2754 1320 2827 inclusorum,

178 2862 310 2920 pugnam
334 2842 465 2920 ipsorum
488 2852 517 2904 et
536 2844 689 2903 victoriam
713 2844 909 2922 affectumque
931 2844 1063 2923 ipsarum
1087 2863 1178 2920 apum
1201 2842 1229 2899 in
1255 2862 1320 2920 pro-

179 2929 278 3007 prium
300 2928 464 3008 principem
487 2929 647 2990 admodum
670 2929 837 2990 mirabilem
860 2950 970 3008 magna
993 2929 1147 2989 mediocris
1172 2928 1232 2988 stili
1253 2928 1356 2988 sub-ao

180 3013 289 3074 tilitate
311 3015 448 3075 ostendit.
483 3016 621 3095 Denique
644 3017 810 3076 materia
832 3015 922 3075 huius
944 3017 1040 3094 operis
1055 3024 1150 3075 terrae
1173 3013 1320 3075 culturam

179 3102 287 3180 accipe,
311 3122 401 3180 quam
433 3102 492 3161 nisi
514 3102 641 3181 perfecte
668 3104 698 3161 in
730 3103 914 3181 agricolandi
937 3103 1060 3163 scientia
1082 3112 1170 3180 poeta
1192 3121 1321 3180 eompre-

179 3187 345 3261 hendisset,
373 3188 505 3266 quidde
529 3189 710 3268 agricultura
741 3189 881 3250 scriberet
902 3209 962 3249 non
984 3188 1114 3249 baberet.
1147 3188 1320 3248 Intentio

179 3275 243 3334 eius
272 3283 317 3334 est
347 3274 486 3335 mortales
509 3275 548 3335 ad
576 3275 738 3355 simplicem
761 3277 854 3336 vitam
882 3276 959 3336 idest
981 3276 1019 3336 ad
1043 3274 1255 3354 agriculturam
1277 3276 1321 3332 in·

179 3361 319 3435 formare,
351 3363 435 3421 utin
468 3361 526 3422 hac
549 3364 742 3442 occupatione
766 3363 845 3441 quod
871 3372 941 3422 sunt
971 3362 1089 3422 discant
1118 3361 1270 3422 advertere
1292 3371 1356 3420 etat

179 3457 306 3509 mentem
330 3468 348 3508 a
368 3449 454 3508 vanis
478 3449 549 3509 ociis
571 3450 726 3528 noxiisque
747 3450 873 3528 negotiis
897 3469 1029 3510 avocare.

241 3555 506 3654 7—qrmd—p-roffili
523 3603 580 3654 pro.
803 3585 910 3655 8Mevi]
931 3586 970 3649 19,
991 3585 1023 3638 13
1042 3585 1149 3637 ‘Mevii’.

203 3653 481 3776 Ιῒπῗὲζὶ)(1101116313
500 3655 537 3706 ist
555 3671 605 3707 aus
625 3653 813 3722 ‘proprietatis’
837 3655 923 3719 korr.;
952 3686 985 3694 —
1009 3653 1059 3707 lies
1083 3662 1237 3722 ‘expressae
1261 3652 1321 3705 lati·

181 3740 209 3775 m
251 3796 280 3834 23
291 3765 320 3845 et
338 3791 413 3861 cult]
433 3792 517 3845 etiam
536 3792 648 3845 cultum.
790 3792 832 3860 36]
852 3796 949 3845 mente.

267 3949 293 4019 4]
314 3972 344 3992 =
364 3949 460 4015 Verg.‚
486 3949 535 4002 ecl.
558 3948 610 4013 Ill,
635 3949 681 4011 903
707 3979 740 3987 -
764 3945 821 4011 vgl.
849 3949 916 4001 oben
935 3946 961 4000 S.
982 3948 1027 4011 19,
1052 3947 1084 3999 13
1109 3946 1163 3999 und
1185 3945 1321 4000 Ribbecks

177 4019 504 4158 Pr⁰l⁶1g⁸⁰iiiffatliipiia
524 4088 590 4140 ouen
610 4087 650 4150 21,
670 4086 700 4150 s;
720 4086 760 4150 31,
780 4087 809 4148 1;
828 4086 869 4147 oo,
890 4086 929 4139 11.
1010 4154 1014 4164 ¹
1275 4159 1286 4162 ..
1307 4153 1311 4162 ¹

251 4157 293 4238 Q]
313 4157 419 4223 Verg„
438 4175 530 4225 georg.
550 4158 569 4221 l,
589 4156 605 4209 3
623 4157 656 4209 i:
676 4170 831 4224 quaecum
849 4155 940 4219 boum,
966 4170 1013 4221 qai
1032 4153 1120 4205 cultus
1138 4152 1260 4204 ltobcudo
1287 4159 1322 4205 art

182 4241 273 4286 pecori
292 4245 318 4280 u.
337 4245 358 4280 s.
378 4245 410 4279 u.
